2370 3960
129 182 195 247 256
374 168 481 233 ann'r
501 180 625 233 ososn
643 180 895 232 mscomsavu

131 328 337 410 antiquorum
365 325 472 389 titulis
500 325 746 408 praeferendam
773 323 846 388 rudi
874 342 1043 408 paruoque
1066 322 1138 387 mili·

130 423 199 480 tum
227 435 360 479 numero
392 413 447 478 sed
476 413 704 497 potentissimo
732 410 855 477 Christi
885 411 1009 477 auxilio
1038 432 1137 496 repor-

78 507 249 567 11tarunt
296 507 422 567 exstare
448 499 554 566 letiam
581 523 666 567 nunc
690 501 776 585 apud
798 500 971 586 plerosque
995 500 1164 566 dicuntura

128 593 257 656 litterae
275 591 481 674 imperatoris
501 589 669 674 Antonini,
691 590 749 655 ubi
771 589 979 654 inuocatione
1002 589 1139 655 nominis

130 678 252 744 Cliristi
270 701 328 764 per
350 680 468 754 milites
484 677 689 746 Christianos
707 682 740 742 et
758 678 848 742 sitim
866 678 957 743 illam
977 677 1141 762 depulsam
1160 691 1169 733 ⁵

78 780 109 827 12
130 774 163 832 et
186 769 347 834 conlatam
374 768 495 832 fatetur
521 766 620 832 fuisse
644 767 824 832 uictoriam.
870 766 1023 850 idemque
1045 766 1142 832 Anto

130 858 227 922 ninus
251 855 464 922 Commodum
487 856 591 920 filium
614 877 709 921 suum
732 855 913 939 adsumpsit
935 855 971 919 in
995 877 1142 941 regnum,

129 947 298 1029 praeteriti
320 947 418 1010 etiam
436 944 593 1029 temporis
611 966 671 1029 per
688 965 800 1010 omnes
818 943 1005 1027 prouincias
1024 944 1142 1010 tributa

131 1035 265 1100 donauit
298 1035 471 1118 omniaque
513 1033 611 1098 simul
652 1032 811 1098 fiscalium
852 1032 1061 1116 negotiorum
1094 1054 1140 1098 ca

128 1125 292 1187 lumniosa
319 1125 529 1187 monumenta
556 1124 713 1207 congesta
740 1121 775 1185 in
802 1120 874 1186 foro
899 1120 997 1186 iussit
1019 1120 1143 1188 incendi
1154 1135 1174 1177 1⁰

132 1212 374 1294 seuerioresque
401 1211 491 1295 leges
513 1210 607 1274 nouis
631 1209 917 1275 constitutionibus
941 1210 1144 1295 temperarit

129 1303 295 1382 postremo
330 1298 363 1361 in
395 1296 566 1362 Pannonia
598 1297 796 1362 constitutus
828 1298 999 1380 repentino
1033 1300 1143 1364 morbo

130 1387 214 1449 diem
238 1385 327 1450 obiit.
918 1397 922 1405 '

76 1479 113 1533 16
198 1474 295 1539 Anno
315 1473 356 1538 ab
375 1473 455 1538 urbe
474 1473 605 1539 condita
623 1489 809 1540 nccccxxx
822 1472 943 1539 Lucius
957 1472 1143 1542 Antoninus

129 1562 325 1629 Commodus
344 1562 477 1646 quintus
496 1562 639 1628 decimus
658 1564 699 1628 ab
715 1562 864 1649 Augusto
883 1563 971 1647 patri
991 1566 1176 1630 successit1⁵

95 1663 109 1710 ‘2
129 1652 164 1716 in
187 1673 324 1737 regnum
351 1649 541 1736 lmansitque
560 1652 595 1716 in
614 1674 652 1718 eo
671 1652 765 1716 annis
784 1670 857 1716 xm.
895 1650 1052 1718 aduersus
1068 1652 1143 1719 Ger·
1158 1677 1176 1715 r·

130 1763 243 1806 manos
268 1742 390 1807 bellum
413 1740 549 1806 feliciter
572 1741 684 1827 gessit
721 1744 862 1807 ceterum
885 1761 943 1824 per
966 1742 1077 1806 omnia
1099 1742 1145 1806 lu·

130 1831 240 1896 xuriae
260 1834 293 1896 et
311 1830 521 1896 obscenitatis
541 1830 694 1896 dedecore
713 1830 917 1913 depracatus,
940 1829 1143 1913 gladiatoriis

130 1942 257 2003 quoque
289 1920 387 1984 armis
419 1918 608 2001 saepissime
638 1918 673 1982 in
703 1918 779 1982 ludo
812 1916 1012 2002 depugnauit
1043 1923 1078 1984 et
1108 1919 1143 1984 in

131 2008 371 2091 amphitheatro
398 2007 476 2070 feris
505 2028 574 2071 sese
603 2005 788 2091 frequenter
816 2005 948 2088 obiecit3
978 2005 1176 2073 interfecta

130 2097 229 2159 etiam
253 2094 507 2179 quamplurimos
532 2098 707 2176 senatores,
730 2094 869 2158 maxime
893 2115 974 2177 quos
999 2095 1143 2161 animad-

96 2194 111 2241 3
132 2183 233 2246 uertit
254 2182 427 2247 nobilitate
450 2181 673 2267 industriaque
696 2182 860 2247 excellere.
906 2182 1033 2267 flagitia
1055 2186 1142 2286 regis

129 2293 234 2354 poena
254 2272 342 2335 urbis
356 2271 547 2355 insequitur.
578 2293 655 2337 nam
669 2271 804 2336 fulmine
819 2268 1018 2355 Capitolium
1033 2272 1144 2357 ictum,

130 2382 168 2423 ex
197 2381 260 2445 quo
283 2360 372 2430 facta
398 2360 612 2426 inflammatio
639 2359 883 2443 bybliothecam
909 2359 1013 2444 illam,
1041 2364 1142 2428 maio·

129 2472 202 2539 rum
227 2472 303 2515 cura
326 2450 495 2535 studioque
518 2449 743 2535 compositam,
766 2450 923 2533 aedesque
948 2449 1028 2514 alias
1051 2451 1142 2516 iuxta
1155 2461 1178 2504 ’ὕ

131 2540 211 2604 sitas
235 2540 345 2623 rapaci
368 2541 497 2604 turbine
522 2539 746 2605 concremauit
787 2539 900 2603 deinde
922 2537 1011 2602 aliud
1033 2539 1141 2604 incen-

130 2629 219 2692 dium
246 2632 361 2712 postea
383 2628 506 2693 Romae
535 2635 683 2694 exortum
711 2627 823 2693 aedem
845 2625 967 2693 Vestae
994 2629 1028 2690 et
1049 2626 1141 2693 Pala-

94 2726 110 2772 4
131 2717 212 2778 tium
231 2717 470 2800 plurimamque
488 2717 578 2782 urbis
596 2721 723 2801 partem
738 2717 807 2781 solo
822 2715 1023 2800 coaequauit
1047 2714 1141 2781 Com·

128 2802 243 2865 modus
272 2804 395 2867 cunctis
419 2804 640 2869 incommodus
663 2805 698 2868 in
722 2804 816 2869 domo
839 2802 1016 2870 Vestiliani
1038 2808 1141 2870 stran-

128 2889 258 2972 gulatus
282 2890 432 2954 interisse
456 2891 571 2975 fertur,
600 2893 705 2958 hostis
732 2892 861 2975 generis
884 2893 1019 2958 humani
1042 2893 1140 2959 etiam
1154 2907 1179 2947 ³0

126 2977 221 3040 uiuus
245 2973 422 3042 iuldicatus.
1158 3007 1178 3045 n-

95 3078 110 3126 5
196 3064 275 3130 Post
298 3063 383 3130 hunc
408 3087 427 3129 a
447 3070 560 3131 senatu
579 3071 705 3132 creatus
724 3071 775 3131 est
794 3088 891 3132 senex
910 3067 1048 3136 Heluius
1067 3069 1141 3136 Per-

128 3157 220 3220 tinax
249 3157 358 3218 sextus
386 3153 527 3218 decimus
555 3156 597 3219 ab
621 3154 782 3241 Augusto.
827 3156 883 3240 qui
910 3161 1003 3224 sexto
1031 3181 1141 3225 mense

130 3267 227 3328 quam
254 3264 390 3330 regnare
418 3245 568 3326 coeperat
590 3241 709 3309 Iuliani
735 3243 814 3309 iuris
842 3247 939 3329 periti
963 3247 1083 3312 scelere
1104 3249 1141 3315 in

95 3347 110 3393 c
130 3333 257 3399 Palatio
284 3334 408 3400 occisus
432 3336 488 3398 cst.
532 3330 676 3397 Iulianus
699 3332 873 3399 interfecto
892 3332 1071 3399 Pertinace
1094 3338 1141 3400 in·
1158 3361 1180 3400 r·

128 3422 216 3486 uasit
229 3423 399 3507 imperium
415 3423 470 3489 red
483 3442 558 3487 mox
574 3443 593 3485 a
607 3419 726 3486 Seuero
741 3423 826 3506 apud
840 3425 972 3506 pontem
980 3418 1140 3488 Muluium
1155 3441 1181 3482 sc

127 3509 212 3573 bello
243 3511 332 3577 ciuili
362 3513 466 3577 uictus
496 3516 529 3576 et
559 3509 748 3575 interfectus
778 3516 828 3577 est
858 3530 967 3575 mense
999 3509 1156 3591 septimo.
