2370 3960
264 39 345 74 V!
437 41 449 68 ι

91 196 154 260 164
339 199 447 250 rnvur
465 198 588 250 oaosn
605 199 854 250 msuoamnvn

37 352 71 403 25
91 341 217 406 obsides
242 340 386 424 dederat,
410 340 443 405 in
467 341 598 406 exilium
621 341 775 426 profugit
821 339 942 424 Caepio
965 363 1102 424 procon-

89 431 158 494 sule
190 432 286 512 capta
317 430 397 494 urbe
430 427 610 512 Gallorum,
643 431 693 495 cui
724 450 842 495 nomeu
876 432 926 494 est
955 429 1103 514 Tolosae,

87 521 218 582 centurn
248 517 340 582 milia
371 517 477 602 pondo
509 519 579 582 auri
611 521 644 582 et
675 518 803 604 argenti
832 522 962 583 centum
992 519 1103 584 decem

87 606 177 670 milia
201 627 217 669 e
241 607 364 690 templo
388 605 552 690 Apollinis
576 606 719 671 sustulit:
744 606 928 690 quodcum
952 608 993 672 ad
1015 605 1101 673 Mas-

88 694 204 777 siliam,
228 695 366 759 amicam
387 696 508 779 populo
527 694 674 760 Romano
694 695 818 780 urbem,
841 717 914 761 cum
932 696 1102 778 praesidiis
1131 713 1143 754 5

88 783 245 867 misisset,
273 782 452 847 interfectis
482 784 564 848 clam
587 819 630 831 -
655 783 739 848 sicut
762 785 895 870 quidam
918 787 1103 849 contestan-

87 876 142 936 tur
160 909 202 919 —
223 872 338 956 quibus
363 894 400 936 ea
423 872 632 938 custodienda
655 876 688 937 et
710 873 915 956 peruehenda
935 873 1102 938 commise-

88 964 149 1045 rat,
177 964 292 1026 cuncta
319 982 378 1044 per
404 961 508 1026 scelus
536 960 662 1026 furatus
686 960 786 1027 fuisse
809 964 972 1028 narratur.
1017 962 1102 1028 unde

90 1050 187 1114 etiam
211 1054 331 1134 magna
354 1050 499 1133 quaestio
522 1053 598 1133 post
621 1049 745 1115 Romae
768 1053 843 1116 acta
866 1054 923 1115 est.

35 1154 73 1209 1ss
158 1136 260 1202 lAnno
289 1139 329 1202 ab
358 1138 437 1202 urbe
465 1138 597 1203 condita
619 1155 744 1203 nonan
768 1136 802 1203 C.
824 1138 966 1204 Manlius
990 1139 1103 1203 consul
1122 1167 1144 1205 r.
1158 1156 1184 1197 er

89 1229 121 1290 et
141 1227 177 1302 Q.
197 1225 316 1311 Caepio
335 1228 526 1311 proconsule
545 1228 699 1291 aduersus
718 1225 866 1292 Cimbros
886 1230 919 1291 et
938 1225 1102 1291 Teutonas
1118 1247 1144 1285 11

89 1318 121 1378 et
154 1315 328 1399 Tigurinos
366 1318 398 1379 et
430 1314 629 1396 Ambronas,
665 1313 834 1380 Gallorum
863 1313 1103 1396 Germanorum

88 1407 212 1487 gentes,
230 1424 313 1487 quae
331 1406 409 1469 tunc
427 1406 464 1468 ut
482 1404 654 1488 imperium
672 1402 858 1468 Romanum
876 1403 1104 1488 extinguerent

89 1493 364 1576 conspirauerant,
385 1492 478 1557 missi
499 1492 683 1577 prouincias
707 1491 771 1556 sibi
789 1491 949 1558 Rhodano
967 1491 1101 1557 flumine

53 1581 194 1650 emedio
226 1581 416 1646 diuiserunt.
461 1580 519 1646 ubi
549 1580 625 1646 dum
654 1582 739 1647 inter
771 1603 806 1646 se
835 1581 1030 1667 grauissima
1058 1581 1106 1646 in·
1121 1599 1146 1640 15

90 1669 178 1735 uidia
201 1674 234 1734 et
256 1671 462 1736 contentione
482 1670 669 1752 disceptant,
693 1691 767 1736 cum
785 1690 907 1755 magna
925 1670 1106 1756 ignominia

92 1762 124 1823 et
152 1760 296 1843 periculo
320 1758 462 1825 Romani
487 1760 628 1825 nominis
656 1759 738 1825 uicti
760 1763 845 1826 sunt.
891 1758 1049 1844 siquidem
1072 1759 1105 1823 in
1168 1803 1171 1808 -

91 1870 129 1912 ea
151 1869 263 1933 pugna
286 1848 329 1913 M.
353 1847 512 1914 Aemilius
540 1848 720 1914 consularis
748 1850 862 1930 captus
887 1851 982 1931 atqm
1005 1847 1105 1911 inter-

56 1956 72 2002 3
91 1936 196 2000 fectus
221 1941 279 2019 est,
303 1937 366 2000 duo
390 1937 447 2000 filii
466 1937 607 2000 consulis
631 1935 729 2017 caesi3
753 1951 851 1997 nxxx
874 1935 964 1997 milia
986 1934 1104 1997 Roma·

90 2046 205 2087 norum
230 2025 452 2106 sociorumque
475 2043 513 2086 ea
536 2025 731 2104 tempestate
754 2020 923 2100 trucidata,
946 2038 993 2083 xn
1012 2021 1144 2084 miliaro

55 2132 72 2178 4
91 2113 239 2175 calonum
269 2115 364 2192 atque
392 2110 529 2173 lixarum
552 2108 725 2172 interfecta
746 2106 865 2171 Antias
889 2108 1010 2174 scribit.
1057 2109 1104 2173 ita

91 2219 129 2261 ex
153 2198 241 2261 omni
265 2197 394 2281 penitus
414 2196 554 2260 exercitu
573 2195 683 2260 decem
700 2195 928 2260 tantummodo
946 2195 1104 2281 homines,

91 2285 145 2368 qui
177 2286 331 2349 miserum
362 2283 513 2349 nuntium
545 2283 783 2371 adaugendas
815 2285 963 2351 miserias
996 2308 1104 2370 repor-

54 2377 206 2460 starent,
230 2372 424 2458 superfuisse
443 2372 635 2438 referuntur.
670 2373 781 2440 hostes
805 2374 893 2440 binis
916 2375 1032 2441 castris
1057 2379 1105 2440 at-

93 2485 154 2547 que
178 2463 304 2548 ingenti
327 2461 449 2546 praeda
471 2463 569 2547 potiti
592 2485 679 2529 noua
698 2464 837 2549 quadam
857 2468 955 2551 atque
973 2465 1106 2531 insolita
1119 2481 1145 2521 2⁵

93 2553 312 2617 exsecratione
340 2556 457 2617 cuncta
485 2548 575 2636 lquee
604 2557 757 2639 ceperant
779 2576 911 2639 pessum
935 2554 1105 2638 dederunt3
1123 2582 1146 2619 r·
1159 2569 1181 2610 ³²

57 2660 73 2706 a
92 2641 193 2703 uestis
218 2639 353 2704 discissa
378 2644 410 2704 et
432 2642 577 2725 proiecta
600 2646 659 2726 est,
683 2645 1050 2727 aurum-argentumque
1073 2645 1107 2706 in

91 2728 216 2791 flumen·
240 2728 416 2812 abiectum,
444 2731 562 2796 loricae
591 2732 736 2796 uirorum
763 2731 924 2811 concisae,
953 2729 1106 2812 phalerae

92 2837 248 2900 equorum
267 2816 471 2901 disperditae,
495 2820 570 2902 equi
592 2819 655 2902 ipsi
679 2818 862 2904 gurgitibus
885 2817 1027 2899 inmersi,
1050 2816 1106 2882 ho-

91 2905 195 2969 mines
220 2906 344 2989 laqueis
368 2906 452 2971 collo
475 2906 586 2971 inditis
606 2927 644 2970 ex
663 2904 833 2970 arboribus
853 2904 1001 2987 suspensi
1020 2909 1105 2988 sunt,
1119 2923 1145 2963 ³0

91 2994 139 3058 ita
161 2997 198 3058 ut
221 2993 304 3058 nihil
326 2993 463 3079 praedae
487 2995 607 3077 uictor,
629 2992 712 3057 nihil
737 2991 976 3057 misericordiae
998 2993 1105 3059 uictus

59 3083 316 3168 radgnosceret.
351 3082 511 3147 maximus
532 3086 610 3147 tunc
626 3081 751 3146 Romae
774 3101 839 3144 non
863 3081 968 3146 solum
991 3083 1106 3169 luctus,

95 3195 208 3238 uerum
237 3173 334 3237 etiarn
362 3172 468 3235 metus
496 3168 571 3254 fuit,
598 3191 639 3234 ne
662 3166 835 3233 confestim
859 3167 982 3236 Cimbri
1004 3171 1106 3257 Alpes

95 3262 404 3347 transgrederentur
418 3257 611 3343 Italiamque
634 3257 786 3322 delerent.

61 3371 76 3418 8
163 3350 269 3416 Isdem
292 3347 489 3434 temporibus
510 3347 545 3424 Q.
565 3346 685 3412 Fabius
703 3344 862 3413 Maximus
886 3349 988 3413 filium
1012 3371 1106 3413 suum
1119 3367 1145 3408 rs

98 3438 346 3523 adulescentem,
369 3460 423 3502 rus
442 3437 630 3523 relegatum,
649 3456 723 3499 cunr
742 3434 866 3502 duobus
885 3437 988 3502 seruis
1006 3438 1106 3520 parri·

97 3527 171 3593 cidii
199 3529 357 3594 ministris
384 3526 547 3592 interfecit
573 3527 725 3612 ipsosque
753 3526 906 3590 continuo
935 3545 1044 3590 seruos
1072 3527 1107 3591 in
