2370 3960
86 195 150 259 146
329 197 438 248 PAVLI
457 195 580 246 OROSII
598 196 848 248 HISTORIARVM

83 340 216 405 uendite
245 341 307 421 est3
336 339 415 402 urbe
444 340 577 406 incensa
605 338 689 403 muri
711 337 858 403 funditus
882 337 983 402 diruti
1008 343 1099 423 sunt3

83 427 216 491 muralis
250 427 334 509 lapis
367 427 403 490 in
434 429 601 511 puluerem
632 426 796 508 redactus,
828 425 949 510 praeda
980 426 1099 512 ingens

49 526 64 574 7
84 519 194 598 erepta
214 519 273 581 est.
306 537 382 580 sane
402 538 475 581 cum
493 519 629 601 propter
647 514 888 580 multitudinem
907 517 940 580 et
958 516 1100 580 uarieta-

82 608 149 667 tem
179 607 360 668 statuarum
390 605 701 687 simulacrorumque
719 605 764 667 in
791 602 849 668 illo
877 602 1020 670 ciuitatis
1049 604 1100 668 in·

82 691 195 757 cendio
233 694 392 776 permixta
420 693 459 757 in
491 716 591 757 unum
623 692 694 757 auri
726 692 854 776 argenti
886 695 983 776 atque
1015 692 1101 757 aeris
1129 710 1142 749 5

83 781 256 865 omniaque
281 782 376 845 simul
400 783 533 847 metalla
555 781 740 864 fluxissent,
762 802 886 845 nouum
909 799 1011 864 genus
1035 802 1101 844 me-

82 869 158 934 talli
181 870 304 934 factum
328 874 392 953 est,
415 872 498 935 unde
521 871 681 954 usquein
704 868 896 933 hodiernum
920 868 1004 932 diem
1027 869 1100 933 siue

85 981 123 1023 ex
146 959 218 1041 ipso
243 959 311 1022 siue
335 979 373 1021 ex
397 959 579 1023 imitatione
603 958 671 1023 eius
695 979 749 1022 aes
774 954 992 1040 Corinthium,
1016 957 1102 1022 sicut

19 1101 34 1117 „
85 1049 259 1111 memoriae
282 1045 438 1110 traditum
461 1051 524 1127 est,
548 1051 581 1112 et
604 1043 775 1112 Corinthia
798 1067 878 1110 uasa
901 1045 1058 1110 dicuntur.

20 1146 68 1201 14
152 1135 258 1199 isdem
282 1135 469 1199 oonsulibus
488 1135 634 1200 Viriatus
658 1135 693 1198 in
716 1133 878 1218 Hispania
901 1155 1019 1219 genere
1037 1133 1141 1198 Lu-10

84 1224 223 1306 situnne,
251 1222 349 1287 homo
376 1224 550 1306 pastoralis
575 1227 606 1288 et
629 1224 728 1305 latre,
751 1223 891 1307 primum
913 1222 1099 1288 infestando

83 1311 154 1374 uias
187 1311 299 1375 deinde
332 1311 490 1375 uastando
523 1311 708 1394 prouincias
741 1314 906 1394 postremo
941 1311 1108 1387 exercitus,

82 1403 268 1483 praetorum
291 1403 323 1463 et
341 1400 510 1464 consulum
529 1399 749 1464 Romanorum
768 1398 926 1464 uincendo
948 1395 1099 1484 ¹fugando
1113 1428 1135 1465 n·
1148 1417 1183 1456 2⁹

47 1499 62 1546 2
83 1487 261 1572 subigendo
276 1488 417 1552 maximo
431 1488 549 1553 terrori
563 1486 719 1552 Romanis
734 1488 883 1553 omnibus
898 1487 969 1553 fuit.
999 1488 1100 1572 siqui-

82 1575 153 1639 dem
177 1575 336 1640 Hiberum
359 1580 392 1640 et
414 1575 549 1661 Tagum,
572 1577 715 1642 maxima
742 1581 776 1640 et
803 1575 1140 1643 diuersissimorum

81 1665 228 1728 locorum
265 1664 415 1747 flumina,
452 1666 518 1730 late
554 1665 806 1749 transgredienti
840 1669 872 1730 et
903 1667 1099 1750 peruaganti

82 1748 117 1817 O.
132 1751 276 1817 Vecilius
295 1758 427 1836 praetor
446 1754 598 1819 occurrit:
624 1754 679 1838 qui
702 1754 854 1820 continuo
879 1773 972 1819 caeso
995 1775 1098 1838 usque

83 1840 123 1904 ad
151 1841 406 1906 internecionem
433 1864 536 1926 paene
564 1843 653 1907 omni
682 1843 823 1907 exercitu
852 1863 911 1907 suo
942 1842 996 1906 uix
1026 1843 1098 1925 ipse

47 1940 62 1986 3
82 1932 214 2012 praetor
226 1951 304 1999 ,cum
324 1931 435 2014 paucis
455 1931 534 2013 fuga
552 1932 662 2014 lapsus
677 1930 790 1996 euasit.
823 1929 937 1994 deinde
951 1927 986 1994 O.
1000 1929 1098 1994 Plau·

36 2020 40 2027 '
80 2017 164 2081 tium
187 2022 371 2099 praetorem
394 2018 478 2082 idem
498 2018 644 2083 Viriatus
667 2019 779 2082 multis
802 2018 935 2102 proeliis
957 2017 1098 2082 fractum
1112 2037 1139 2077 ao

80 2105 217 2190 fugauit.
250 2110 326 2188 post
344 2105 442 2170 etiam
462 2103 617 2172 Claudius
636 2105 864 2172 Vnimammus
883 2128 957 2172 curn
976 2127 1097 2192 magno

81 2194 243 2258 instructu
266 2194 344 2258 belli
365 2199 480 2259 contra
495 2194 659 2285 Viriatum
682 2195 801 2259 missus
825 2195 919 2279 quasi
942 2217 1002 2280 pro
1021 2197 1098 2261 abo·

82 2282 179 2346 lenda
199 2283 364 2366 superiore
383 2283 512 2346 macula
529 2284 708 2366 turpiorem
724 2284 796 2367 ipse
816 2284 906 2348 auxit
920 2284 1097 2349 infamiam.

49 2382 161 2436 4nam
192 2392 384 2456 congressus
414 2392 488 2434 cum
517 2371 644 2437 Viriato
676 2371 844 2437 uniuersas
876 2394 955 2457 quas
988 2394 1097 2438 seeum

84 2459 261 2524 deduxerat
294 2459 403 2544 copias
436 2459 657 2544 maximasque
690 2461 775 2524 uires
807 2459 950 2550 Romani
980 2461 1138 2527 ,amisitas

84 2549 253 2613 exercitus.
299 2548 444 2613 Viriatus
472 2548 603 2614 trabeas
631 2549 736 2614 fasces
760 2553 930 2633 ceteraque
953 2549 1098 2636 insignia

82 2636 231 2700 Romana
253 2637 288 2699 in
312 2637 479 2701 montibus
503 2637 570 2701 suis
594 2641 730 2722 tropaea
752 2638 911 2720 praefixit.
981 2640 982 2643 ’

46 2735 61 2782 5
147 2724 271 2788 Eodem
299 2730 445 2808 tempore
469 2741 533 2789 ccc
557 2725 704 2791 Lusitani
732 2747 803 2790 curn
828 2724 916 2788 mille
938 2724 1096 2789 Romanis

79 2811 113 2874 in
138 2812 278 2895 quodam
302 2813 389 2876 saltu
413 2818 602 2878 contraxere
625 2834 779 2897 pugnam,
800 2812 837 2874 in
859 2833 923 2895 qua
941 2828 1014 2875 Lxx
1032 2810 1096 2877 Lu·

53 2900 212 2994 Lsitanos,
235 2899 403 2966 Romanos
427 2905 535 2965 autem
559 2916 674 2965 cccxx
698 2886 1022 2979 cecidisseiOlaudius
1045 2923 1095 2965 re·
1109 2920 1136 2960 so

47 2999 62 3047 6
83 2987 158 3072 iert3
183 2991 308 3051 etcum
327 2989 467 3054 uictores
481 2989 633 3053 Lusitani
653 2988 758 3072 sparsi
776 3008 814 3050 ac
834 2987 937 3051 securi
956 2987 1095 3073 abirent,
1130 3058 1132 3062 Α

82 3098 166 3151 unus
195 3097 233 3139 ex
260 3075 312 3139 his
341 3077 438 3162 longe
463 3100 482 3141 a
506 3079 620 3141 ceteris
644 3078 832 3161 segregatus
856 3097 939 3160 oum,
963 3077 1101 3149 circum:

82 3165 163 3228 fusis
192 3164 352 3249 equitibus
380 3166 477 3248 pedes
508 3164 578 3249 ipse
609 3164 826 3248 deprehensus
856 3165 952 3230 unius
983 3189 1094 3232 eorum

78 3275 160 3337 equo
190 3254 305 3318 lancea
332 3254 478 3337 perfosso
510 3255 613 3338 ipsius
644 3253 763 3337 equitis
793 3254 835 3318 ad
864 3277 965 3319 unum
995 3255 1094 3340 gladii

78 3342 180 3405 ictum
205 3346 301 3425 caput
323 3341 526 3423 desecuisset,
549 3342 598 3406 ita
621 3363 733 3406 omnes
763 3347 850 3407 metu
877 3344 1028 3426 perculit,
1056 3347 1093 3407 ut
1107 3361 1134 3402 aa

77 3430 361 3582 ppospgetaptibus
381 3432 504 3496 eunetis
524 3432 593 3514 ipse
613 3431 824 3514 contemptim
849 3435 945 3514 atque
969 3430 1092 3496 otiosus

75 3540 95 3583 a
120 3540 171 3583 sce
195 3540 272 3583 ere.
