2370 3960
373 206 550 258 cuerrvna
568 208 637 262 ure.
656 207 721 258 1111.
740 208 772 260 v,
1014 205 1079 270 309

57 348 151 402 uentu
174 344 229 399 filii
254 344 298 398 sui
320 347 433 400 ueniam
452 348 583 401 meretur.
621 363 704 415 quem
722 349 824 416 postea
842 365 905 402 cum
923 347 1009 402 fratre
1030 365 1079 401 suo

59 433 173 473 ueneno
193 415 306 472 occidit.
339 415 434 486 Scipio
453 417 602 471 Africanus
622 418 719 472 morbo
738 417 855 472 interiit.
887 418 1079 472 Hannibales

60 486 431 612 1116ιιιι1ᾑιι616ἆ16ιιθοῂιιιιᾏίἔἐι
453 488 547 612 ipsula
556 487 678 542 Vulcani
694 486 772 613 edffa
788 490 837 542 est.
865 489 968 613 flupiufi
984 489 1081 571 Hister

60 576 157 614 exercr
170 576 220 612 um
263 573 349 612 euora
432 575 462 613 ce
485 576 603 614 on1cum.
642 577 705 613 cum
754 576 886 613 ornanum
930 577 1016 614 eum
1039 580 1081 614 rn-

60 630 195 697 canduit‚
221 630 342 683 Romani
366 629 444 699 prius
468 629 560 685 attriti
582 647 679 700 regem
700 630 888 685 Macedonum
911 632 1028 701 capiunt
1053 634 1082 686 et

60 701 211 827 gietpdia?
231 700 381 825 deputant3
406 701 484 754 cuius
503 700 579 754 filius
597 701 737 759 fabricam
755 702 893 755 aerariam
912 703 1019 757 Romae
1039 703 1080 755 di-

90 790 160 899 OEX
215 776 250 896 Ι.ξ
265 772 381 895 Puirlius
406 841 500 912 Scipio
523 841 689 912 Hispaniam
712 843 854 912 profectus
879 844 987 913 strages
1014 860 1080 913 gen-

58 914 132 969 tium
152 911 241 967 dedit.
274 912 368 982 Scipio
382 912 495 980 Nasica,
514 929 550 966 ne
568 914 712 967 theatrum
726 915 830 969 Romae
849 914 937 981 fieret,
958 914 1079 968 obstitit.

62 984 181 1056 Sergius
200 983 293 1039 Galba
310 983 458 1039 Lusitanos
477 1000 528 1065 per
547 983 756 1039 simulationem
779 984 930 1040 interfecit.
960 987 1005 1057 [21
1021 992 1036 1050 ξ
1052 986 1079 1055 1]

133 1054 248 1110 XXIIII.
276 1053 402 1108 Tertium
420 1055 556 1109 Pumcum
573 1055 680 1109 bellum
699 1055 831 1111 exoritur.
865 1073 882 1109 a
900 1058 1000 1110 senatu
1015 1057 1080 1110 Car-

61 1128 152 1197 thago
183 1124 304 1180 delenda
329 1127 466 1180 censetur.
504 1125 629 1181 Africani
654 1144 733 1180 arma
757 1128 881 1183 tradunt.
919 1127 1081 1181 Hasdrubal

61 1198 222 1252 Poenorum
240 1196 394 1266 imperator
417 1197 615 1251 subselliorum
634 1197 801 1268 fragmentis
821 1215 838 1252 a
856 1197 914 1252 suis
934 1198 1080 1252 occiditur.

62 1268 186 1324 Romani
204 1267 236 1320 in
252 1267 421 1322 Macedonia
440 1285 503 1323 cum
523 1269 593 1322 duce
613 1286 663 1323 suo
682 1270 864 1338 perimuntur.
896 1269 941 1340 [22
958 1275 973 1335 ξ
991 1271 1018 1340 1]

134 1338 222 1393 XXV.
253 1338 355 1411 Cartha
379 1339 385 1350 '
410 1338 725 1394 'ensesindeditionem
734 1341 891 1395 trahuntur.
920 1340 1082 1394 Hasdrubal

61 1426 110 1465 rex
133 1410 212 1464 ultro
236 1425 265 1464 se
295 1412 365 1480 optu
379 1410 408 1464 ‘t
444 1410 581 1479 plurimos
607 1410 768 1465 incendium
794 1412 975 1481 consumpsit.
1013 1429 1082 1465 uxor

61 1479 251 1536 Hasdrubalis
267 1498 330 1535 cum
349 1481 458 1536 duobus
477 1481 543 1534 filiis
563 1498 592 1535 se
606 1481 746 1551 inignem
761 1481 873 1539 deiecit.
901 1482 966 1552 ipsa
980 1482 1082 1536 ciuitas

62 1551 211 1608 euersione
229 1551 346 1607 interiit.
376 1552 423 1624 [23
437 1558 453 1618 ξ
469 1552 497 1623 1]

401 1696 578 1747 CAPITVLA
596 1697 695 1747 LIBRI
713 1697 744 1746 V.

133 1800 155 1855 I.
186 1799 268 1866 Quod
282 1799 372 1868 aliqui
384 1802 602 1868 permoneantur
616 1802 758 1855 Romanas
772 1797 906 1853 uictorias
925 1798 1078 1851 multarum

62 1871 194 1942 gentium
212 1873 307 1940 strage
327 1872 509 1926 crebrescere.
539 1872 566 1942 [1
583 1877 598 1936 §
615 1873 642 1942 1]

132 1941 168 1999 H.
203 1942 245 1996 De
268 1941 443 2011 temporibus
465 1959 641 2011 paganorum
664 1943 694 1995 et
717 1939 946 1995 Christianorum.
977 1940 1004 2010 [1
1020 1946 1066 2006 §6

133 2012 181 2066 HI.
215 2011 290 2076 Quid
298 2011 412 2066 intersit
421 2013 496 2067 inter
504 2012 660 2083 praeterita
670 2014 699 2066 61
707 2011 869 2081 praesentia
882 2010 964 2065 bona.
986 2011 1014 2081 [1
1025 2017 1040 2076 ξ
1051 2018 1066 2065 9

135 2083 198 2138 1111.
225 2082 267 2136 De
287 2083 448 2137 Christiana
466 2084 521 2137 fide
540 2086 570 2137 61
587 2083 733 2154 religione.
764 2083 791 2153 [2
808 2089 822 2148 ς
839 2083 866 2153 1]

134 2153 169 2209 V.
196 2153 239 2208 De
257 2170 326 2208 uera
343 2153 444 2222 patria.
478 2155 505 2224 [2
520 2161 535 2220 ς
550 2162 566 2209 6
581 2157 657 2225 utor]

135 2225 182 2279 VI.
210 2223 253 2278 De
272 2223 417 2279 euersicne
432 2226 560 2280 Corinthi
578 2227 608 2278 61
626 2224 702 2293 quod
721 2242 768 2280 aes
787 2223 963 2278 Corinthium
982 2225 1011 2277 et
1031 2224 1081 2278 Co-

62 2294 172 2351 rinthia
188 2312 260 2350 uasa
278 2294 416 2350 dicantur.
447 2296 550 2421 [RV

133 2365 195 2421 VIL
218 2365 345 2421 Viriatus
359 2365 510 2420 Lusitanus
551 2366 664 2421 acilium
684 2368 712 2420 et
726 2365 827 2420 Gaium
843 2367 989 2420 Plautium
1002 2381 1082 2433 prae-

61 2438 138 2493 tores
159 2436 273 2492 decicit.
304 2437 408 2509 [451]

132 2507 208 2563 VllI.
239 2507 374 2562 Claudius
392 2525 410 2562 a
427 2507 538 2562 Viriatc
558 2509 713 2578 superatur.
747 2508 776 2578 [4
790 2513 804 2573 §
819 2513 834 2560 3
849 2508 927 2578 post]

132 2577 222 2634 VIIII.
253 2577 384 2633 Lusitani
407 2595 470 2633 cum
493 2579 627 2633 Romanis
651 2577 805 2647 confligunt
829 2580 857 2631 et
879 2595 950 2631 unus
976 2576 1080 2630 multos

61 2648 178 2721 effugat
198 2650 309 2775 [415]

134 2720 169 2776 X.
219 2719 333 2775 laudius
361 2719 467 2775 uictus·
483 2724 512 2775 61
538 2719 655 2774 uincens
680 2736 738 2773 non
764 2719 917 2789 impetrata
944 2718 1081 2788 triumphi

64 2792 210 2861 potestate
228 2790 408 2860 impudenter
426 2790 546 2873 priuatis
570 2791 728 2861 sumptibus
751 2789 947 2859 triumphauit.
976 2790 1006 2860 [4
1021 2796 1035 2855 5
1051 2791 1080 2860 1]

135 2862 182 2919 XI.
210 2860 400 2932 Androgynus
424 2879 454 2915 m
477 2878 554 2916 mare
579 2861 717 2932 mergitur
736 2865 765 2916 et
782 2860 947 2931 pestilentia
965 2861 996 2914 in
1013 2860 1082 2914 urbe
1153 2884 1156 2890 ·

63 2932 195 2988 exoritur.
237 2934 328 3004 418]

133 3002 194 3060 XII.
222 2933 327 3058 Vabius
347 3003 483 3059 societate
502 3004 638 3058 inuitatos
660 3004 815 3058 detruncat.
847 3005 876 3074 [4
891 3009 906 3068 §
924 3004 994 3082 12]
1032 3072 1037 3080 Ι

133 3074 210 3132 ΧΙΠ.
237 3073 280 3129 De
305 3074 434 3146 Pompeii
458 3077 488 3129 et
512 3076 650 3130 exercitus
677 3076 758 3130 clade
784 3077 813 3129 61
835 3073 1009 3127 Mithridatrs
1029 3089 1080 3122 rm-

61 3146 472 3297 wnffissssz]wissmo
491 3215 617 3271 Mancini
635 3215 758 3270 consulis
777 3215 901 3279 foedere3
922 3212 971 3279 qui
989 3212 1080 3264 nudus

63 3290 93 3341 et
123 3287 130 3299 '
153 3290 218 3342 atus
236 3287 367 3342 hostibus
386 3287 543 3357 exponitur.
572 3288 700 3358 [4119]

193 3402 200 3414 .
226 3356 331 3412 Brutus
354 3358 446 3412 multa
469 3358 550 3412 milia
573 3360 622 3412 aut
646 3356 750 3410 occidit
769 3357 818 3408 aut
836 3352 919 3423 capit.
956 3351 1079 3420 Lepidus

98 3427 239 3484 rtinaciae
274 3445 360 3483 oeuas
375 3428 437 3484 luit.
453 3460 486 3469 —
506 3428 619 3494 Quanta
632 3427 718 3482 fuerit
730 3425 840 3479 timoris
856 3421 980 3476 amentia
998 3422 1081 3476 miles

105 3500 262 3572 mennaha
283 3500 377 3555 status
397 3501 426 3554 et
445 3502 550 3567 quanto
570 3498 670 3554 terrori
684 3495 790 3551 fuerint
802 3493 922 3564 Hispani
936 3493 1080 3549 Romanis.

64 3568 94 3642 [⁶
107 3574 124 3637 1
137 3572 184 3644 ¹2]
