2370 3960
79 169 148 234 320
332 168 440 219 rival
459 166 582 218 oaosn
599 165 849 217 maromsavu

151 308 248 362 XXXI.
277 306 318 360 De
342 306 435 361 Probo
458 322 618 361 successore
642 304 729 363 6116
754 303 907 360 Saturnino
926 301 1042 357 Proculo
1062 299 1084 353 et
1139 360 1141 369 Ι

80 382 116 434 <lc
134 381 254 433 Bonoso
297 384 391 443 2452
1137 378 1141 411 ·'

151 448 263 503 XXXII.
318 464 333 502 e
353 380 425 503 (1616
444 450 474 503 61
491 447 559 502 filiis
578 447 651 515 eius,
676 447 711 501 de
730 445 807 500 bello
821 443 970 512 Parthico,
989 443 1023 497 de
1040 442 1086 495 116
1138 420 1141 489 ἶ

81 521 153 575 Cari.
184 521 232 589 [24
246 525 260 585 5
275 521 306 591 4]

152 597 278 651 XXXIII.
306 598 348 652 De
367 597 546 653 Diocletiano
570 599 599 651 et
621 598 676 651 fine
695 596 792 652 Carini
814 598 844 650 et
867 595 904 649 16
926 593 1089 648 Maximiano

81 671 261 739 imperatore.
300 668 334 723 16
354 669 487 725 carausio
507 671 536 724 et
554 668 726 723 factionibus
745 667 814 733 eius,
835 666 870 720 de
888 666 998 720 Narseo
1017 667 1046 719 61
1061 663 1090 744 de

81 740 253 794 Maximiano
272 743 408 809 Augusto.
445 741 514 794 item
532 738 728 793 Diocletianus
748 736 948 793 Constantium
966 739 996 791 et
1012 736 1092 790 Man·

80 811 207 865 mianum
225 810 369 865 Galerium
385 811 517 866 Caesares
535 809 615 891 legit.
648 809 683 864 de
703 809 783 863 clade
801 807 1032 862 Alamannorum.
1062 805 1093 886 16

84 883 196 937 decima
213 880 408 951 persecutione
427 881 458 935 in
475 880 659 936 Christlanos.
697 880 733 934 de
751 882 844 935 terrae
862 881 943 934 motu
962 878 993 932 in
1012 877 1095 946 syna.

83 955 118 1008 16
144 952 323 1008 Diocletiano
349 955 378 1007 et
402 951 586 1020 Maximiano,
617 951 693 1020 quod
717 967 870 1022 purpuram
897 950 928 1003 et
952 947 1096 1020 imperium

82 1026 282 1094 deposuerunt.
321 1024 355 1078 de
380 1023 493 1078 Galerio
517 1026 547 1077 et
570 1022 760 1089 Constantio,
774 1020 823 1090 qui
845 1019 932 1092 primi
954 1019 1098 1089 imperium

84 1096 114 1148 in
140 1096 210 1149 duas
234 1097 330 1164 partes
349 1094 617 1149 determinauerunt.
654 1092 690 1148 16
708 1093 764 1147 fine
783 1091 953 1146 Constantii.
983 1094 1028 1163 [21
1043 1089 1098 1161 51]

155 1174 294 1230 XXXIIlI.
322 1173 364 1228 De
383 1173 563 1228 Constantini
580 1173 749 1243 principatu.
787 1188 877 1226 sermo
898 1173 999 1226 contra
1016 1187 1099 1241 paga·

82 1262 134 1299 nos
166 1246 200 1298 de
229 1264 247 1297 x
268 1244 512 1312 persecutionibus
538 1262 556 1299 a
577 1244 689 1298 Nerone
714 1260 802 1312 usque
827 1243 865 1296 ad
889 1241 1098 1297 Maximianum

84 1314 314 1371 commemoratio
334 1315 369 1367 16
387 1334 406 1367 x
423 1314 516 1383 plagis
535 1314 668 1384 Aegypti,
688 1313 852 1383 etreliqua.
882 1314 1006 1437 [2651]
1123 1343 1126 1350 ·

160 1385 272 1440 XXXV.
300 1384 342 1437 116
361 1383 531 1454 imperatore
550 1385 737 1440 Constantino
757 1383 917 1439 Christiano
937 1386 967 1438 et
1007 1401 1022 1439 e
1041 1381 1100 1438 aliie

86 1454 316 1523 imperatoribus,
341 1455 390 1522 qni
412 1458 477 1524 post
499 1455 594 1525 ipsum
614 1455 768 1511 Christiani
784 1455 874 1510 creati
896 1457 964 1509 sunt
987 1455 1100 1524 excepto

85 1525 204 1582 Iuliano.
238 1526 272 1580 16
291 1525 436 1582 Maxentio
456 1528 485 1581 et
504 1526 539 1581 16
556 1528 701 1597 resumpta
719 1525 886 1581 Maximiani
902 1526 1057 1596 tyrannide
1075 1525 1101 1579 61

87 1597 122 1650 16
146 1598 201 1651 fine
226 1596 294 1652 eius.
332 1597 367 1651 de
389 1597 492 1652 Licinii
513 1598 675 1668 principatu
700 1601 729 1652 et
752 1598 787 1651 16
811 1596 919 1652 Galerii
941 1613 1036 1666 poena
1058 1594 1102 1650 uel

85 1669 121 1722 16
146 1670 200 1722 fine
227 1670 296 1726 eius.
334 1669 535 1725 Constantinus
559 1686 659 1740 pacem
683 1668 809 1724 ecclesiis
830 1667 958 1722 indulsit.
997 1669 1033 1723 16
1050 1668 1102 1721 fine

84 1740 231 1796 Maxentii.
259 1741 293 1794 16
314 1740 454 1794 occisione
468 1740 616 1795 Maximini
634 1744 664 1795 et
682 1743 782 1795 cetera.
811 1738 1102 1865 1611111ἑ616]1611-

85 1828 162 1879 pore.
194 1812 228 1865 16
242 1811 336 1880 Crispi
350 1813 379 1865 et
393 1811 494 1866 Licinii
508 1828 584 1865 nece.
614 1811 649 1865 16
664 1809 919 1879 Constantinopoli.
969 1826 985 1863 6
1026 1810 1102 1865 otho·

85 1901 147 1934 rum
157 1882 356 1936 internecione.
377 1882 412 1936 de
421 1881 563 1937 Dalmatio
572 1882 692 1937 Caesare
703 1884 732 1937 et
740 1882 795 1935 fine
803 1880 991 1936 Constantini.
1004 1879 1102 1953 [2851]

160 1962 285 2015 XXXVI.
314 1963 356 2016 De
371 1961 555 2017 Constantino
574 1964 603 2016 61
618 1961 784 2018 Constantio
799 1959 1012 2029 Constanteque
1030 1960 1104 2031 prin-

85 2032 205 2102 cipibus.
238 2032 308 2086 item
327 2033 362 2086 16
376 2033 458 2086 Arrio
478 2035 507 2086 et
526 2033 701 2088 Constantio.
734 2033 769 2086 16
787 2035 879 2086 terrae
899 2035 981 2086 motu
999 2031 1031 2086 in
1044 2048 1104 2101 par·

87 2103 165 2156 tibus
186 2102 311 2159 orientis.
350 2103 384 2156 16
407 2103 462 2155 fine
482 2103 661 2158 Constantini
684 2101 811 2157 iunioris.
850 2102 885 2156 16
906 2101 1104 2158 interfectione

88 2174 257 2227 Constantis.
291 2172 326 2225 16
341 2173 506 2242 Magnentio
521 2177 648 2243 tyranno.
682 2174 717 2226 de
735 2174 920 2228 Veteranione
934 2173 1104 2244 imperatore

85 2241 253 2296 amilitibus
263 2242 348 2297 facto.
367 2243 402 2297 de
412 2243 572 2312 Nepotiane
582 2247 711 2314 tyranno.
736 2245 770 2298 de
781 2243 962 2298 Constantini
971 2244 1105 2315 Magnen-

86 2314 165 2382 tique
184 2313 268 2368 bello.
307 2313 341 2367 16
360 2313 469 2369 Iuliano
489 2316 518 2369 et
536 2316 591 2368 fine
611 2314 777 2370 Constantii.
808 2315 928 2396 [2951]

158 2385 297 2440 XXXVII.
326 2387 368 2440 De
386 2385 490 2440 Iuliani
507 2385 627 2457 imperio
647 2389 676 2441 et
689 2385 885 2456 persecutione
899 2401 969 2440 erus.
991 2387 1040 2458 [30
1052 2386 1105 2458 51]

158 2457 310 2512 XXXVIII.
339 2457 381 2512 De
399 2458 516 2514 Iouiano
534 2458 712 2529 imperatore.
734 2458 855 2581 [3111]

157 2530 322 2584 XXXVIIII.
342 2529 384 2584 116
392 2530 593 2585 Valentiniano
610 2530 781 2600 imperatore
796 2530 825 2583 61
857 2527 972 2596 rocopio
985 2529 1105 2597 tyranno

87 2602 119 2653 et
137 2602 229 2654 terrae
247 2602 327 2655 motu
348 2617 399 2670 per·
416 2604 507 2656 totum
527 2603 623 2657 orbem
641 2601 726 2656 facto.
756 2603 801 2672 [32
817 2600 874 2670 51]
939 2663 944 2674 ι

159 2671 216 2725 XL.
245 2671 287 2724 De
300 2672 421 2726 Valente
440 2673 555 2726 Arriani
573 2673 716 2742 dogmatis
734 2673 882 2726 assertore.
914 2668 950 2722 de
969 2667 1105 2724 Gratiano

86 2742 277 2864 taetra
290 2738 1107 2883 ttatttttttttllttMttttttttt

87 2879 123 2931 16
141 2879 356 2947 Valentiniano,
381 2883 429 2949 qui
449 2885 573 2938 Saxones
597 2857 745 2954 oppressit.
784 2883 819 2935 16
841 2885 926 2950 gente
945 2881 1106 2952 Burgrmdi-

87 2967 179 3004 onum.
210 2949 245 3003 de
260 2950 340 3003 obitu
350 2950 554 3008 Valentiniani.
589 2954 623 3008 16
641 2951 839 3008 Valentiniano
857 2952 976 3008 iuniore.
998 2952 1105 3024 [3256]

159 3027 229 3084 XLI.
256 3027 298 3080 116
320 3028 516 3096 persecutione
540 3031 669 3086 Valentis
695 3030 725 3082 in
749 3032 912 3085 monachos.
951 3032 986 3086 16
1012 3032 1105 3086 Firmo

88 3102 250 3157 Maurorum
273 3115 339 3168 rege
363 3100 392 3152 et
415 3097 450 3151 16
474 3100 577 3154 comite
600 3099 773 3168 Theodosio,
798 3101 847 3170 qui
869 3102 963 3172 ipsum
980 3103 1107 3158 Firmum

89 3173 201 3229 occidit.
239 3172 274 3226 16
292 3171 348 3224 fine
365 3168 524 3223 Theodosii.
563 3171 598 3224 de
618 3171 766 3239 Gratiano,
791 3173 840 3241 qui
864 3173 965 3243 impari
989 3189 1106 3230 numero

89 3245 213 3299 militum
235 3243 387 3298 maximam
410 3239 622 3295 multitudinem
647 3242 773 3296 hostiurn
792 3245 982 3299 Romanorum
1000 3261 1108 3315 magna

89 3315 229 3370 felicitate
258 3313 410 3384 superauit.
457 3310 493 3365 de
519 3311 649 3366 Valentis
677 3315 866 3384 temporibus,
895 3314 1008 3383 quando
1037 3333 1107 3386 gens

88 3385 236 3441 Hunorum
260 3386 366 3440 exarsit
388 3384 418 3438 in
437 3382 543 3437 Gothos
570 3383 741 3453 sedibusque
764 3386 872 3455 expulit
895 3384 1033 3453 antiquis;
1058 3386 1108 3455 qui

88 3471 106 3506 a
132 3457 252 3512 Valente
279 3455 403 3527 suscepti
428 3458 494 3509 sunt
518 3452 578 3508 sine
605 3455 750 3524 pactione,
779 3455 881 3511 deinde
909 3454 983 3509 fame
1010 3458 1039 3510 et
1065 3457 1108 3510 in-

87 3523 169 3580 iuriis
196 3528 292 3582 adacti
316 3528 393 3582 uicto
416 3524 545 3580 Valentis
571 3528 695 3581 exercitu
717 3544 768 3596 per
790 3524 939 3580 Thraciam
961 3525 1108 3596 fugerunt.
