2370 3960
325 187 522 239 mvsasvu
539 186 705 239 raesuos
722 187 779 239 1111
799 190 840 240 re.
862 190 903 240 ιι.
1066 185 1129 249 127

112 332 237 397 bellum
263 330 342 396 ferri
369 331 460 395 nullo
490 330 586 396 modo
615 334 740 414 posset,
770 329 836 394 tria
862 329 937 396 insu
961 350 996 394 er
1027 335 1131 396 trans·

112 420 241 485 marina
275 419 364 484 bella
398 419 500 484 fuisse
533 419 705 503 suscepta?
740 439 841 483 unum
873 419 909 484 in
977 419 1132 485 acedonia

113 511 228 574 contm
254 505 442 591 Philippum
474 508 739 591 potentissimum
770 506 978 572 Macedoniae
1010 528 1130 592 regem,

115 598 253 663 alterum
281 597 316 662 in
342 595 504 681 Hispania
532 599 646 661 contra
668 595 909 660 Hasdrubalem
931 595 1129 661 Hannibalis

86 687 259 769 auserem,
282 686 416 749 tertium
438 685 473 749 in
493 682 640 749 Sardinia
663 689 775 750 contra
794 682 969 748 Sardost
936 687 969 748 et
991 686 1130 750 alterum

112 736 352 840 Hasdrubalem
367 771 686 858 Carthaginiensium
706 773 832 857 ducem3
855 775 947 837 extra
960 771 1024 838 hoc
1038 795 1130 856 quar-

112 866 186 927 tum
204 861 409 946 Hannibalis,
433 882 497 945 quo
520 861 605 926 int
573 861 605 926 It
606 861 671 926 alia
693 861 934 946 premebantur.
887 864 1035 925 urett
1037 883 1131 926 amen
1150 872 1183 920 ιι

113 951 251 1017 fortis
241 973 276 1015 ιιι
308 950 501 1016 altemtmm
534 949 758 1034 desperatio
748 971 784 1014 ιιι
816 949 952 1015 meliora
983 948 1131 1033 profecit,

114 1061 192 1104 nam
214 1040 250 1103 in
272 1038 325 1104 his
345 1038 496 1104 omnibus
515 1037 714 1123 desperando
732 1042 931 1123 pugnarunt,
954 1038 1131 1123 pugnando

72 1144 101 1184 10
114 1129 275 1193 uicerunt.
327 1148 365 1192 ex
394 1148 457 1211 quo
487 1126 655 1192 euidenter
682 1127 862 1192 ostenditur
889 1148 957 1191 non
985 1130 1133 1210 tempora

114 1221 194 1281 tunc
220 1216 321 1280 fuisse
348 1215 580 1299 tranquilliora
607 1215 697 1300 otiis,
733 1215 789 1280 sed
816 1215 965 1282 homines
994 1215 1133 1280 miseriis

114 1305 278 1369 fortiores.

182 1391 281 1458 Anno
310 1392 352 1457 ab
379 1392 459 1456 urbe
487 1392 616 1457 condita
643 1409 756 1458 oxum
779 1391 934 1458 Claudius
957 1392 1131 1458 Marcellus
1148 1395 1183 1452 ll

116 1480 295 1565 Syracusas
319 1480 599 1564 opulentissimam
621 1481 734 1546 urbem
758 1479 889 1547 Siciliae
912 1481 1052 1547 secunda
1075 1503 1132 1565 op-

75 1584 102 1625 15
116 1571 317 1655 pugnatione
335 1569 392 1633 uix
410 1569 505 1653 cepit,
524 1590 621 1653 quam
636 1591 710 1634 cum
723 1569 790 1634 iam
803 1569 928 1654 pridem
943 1570 1132 1654 obsedisset,

115 1658 321 1723 Archimedis
345 1655 543 1743 Syracusani
570 1657 651 1722 ciuis
679 1657 864 1722 admirabili
887 1659 1019 1742 ingenio
1042 1680 1132 1742 prae

117 1746 178 1811 diti
202 1745 361 1812 machinis
383 1746 534 1830 repulsus
558 1765 745 1830 expugnare
767 1766 835 1810 non
856 1747 974 1828 potuit.
1008 1746 1166 1810 decimo2

19 1862 41 1899 r·
55 1850 99 1890 26⁰
120 1836 213 1899 launo
232 1839 308 1919 post
327 1855 424 1919 quam
441 1833 608 1898 Hannibal
627 1834 662 1897 in
679 1832 809 1897 Italiam
827 1837 969 1916 uenerat,
989 1832 1045 1898 On.
1060 1831 1133 1897 Ful·

117 1923 172 1989 uio
187 1922 223 1987 Ρ.
238 1921 382 2006 Sulpicio
401 1922 588 1988 consulibus
601 1921 767 1987 Hannibal
782 1921 821 1986 de
836 1920 1016 2005 Campania
1030 1922 1134 1986 mouit

74 2026 103 2067 20
117 2012 294 2077 exercitum
322 2013 355 2076 et
382 2032 455 2076 cum
482 2011 611 2095 ingenti
639 2010 729 2075 clade
758 2011 902 2076 omnium
928 2031 987 2093 per
1016 2008 1134 2075 Sedici-

116 2122 197 2164 num
228 2096 489 2184 suessanumque
518 2118 634 2184 agrum
663 2100 718 2163 uia
746 2098 865 2164 Latina
893 2099 1059 2183 profectus
1092 2098 1134 2163 ad

117 2188 279 2252 Anienem
306 2188 439 2252 fluuium
463 2187 570 2253 trihus
594 2187 727 2252 milibus
751 2188 792 2252 ab
815 2189 894 2253 urbe
919 2188 1120 2256 conseditm
1088 2188 1095 2201 ‘

118 2276 266 2342 credibili
288 2276 391 2340 totius
415 2275 558 2341 ciuitatis
581 2279 685 2360 metu,
709 2298 783 2341 cum
811 2279 925 2342 senatu
948 2277 1132 2362 populoque
1151 2284 1168 2332 3

119 2365 257 2430 diuersis
272 2365 358 2429 curis
371 2364 500 2448 trepido
514 2368 683 2429 matronae
702 2385 830 2449 quoque
849 2370 993 2429 amentes
1012 2386 1134 2449 pauore

76 2467 104 2507 2⁵
118 2474 178 2538 per
208 2453 454 2554 propugnacula
485 2455 651 2517 currerent
683 2457 718 2517 et
748 2446 967 2518 conuehere
957 2474 992 2516 m
1023 2474 1133 2516 muros

119 2563 199 2606 saxa
227 2540 416 2625 primaeque
445 2563 505 2624 pro
535 2540 639 2605 muris
671 2560 818 2625 pugnare
851 2561 907 2626 ges
908 2540 1017 2604 tirent.
1062 2539 1169 2622 ipse4

119 2632 227 2694 autem
251 2650 324 2694 cum
349 2628 505 2713 expeditis
529 2628 691 2715 equitibus
709 2649 812 2712 usque
831 2628 872 2692 ad
889 2630 1020 2730 portam
1038 2625 1134 2692 Colli·

118 2739 195 2783 nam
218 2717 357 2783 infestus
381 2717 532 2802 accessit,
561 2716 677 2782 deinde
704 2738 816 2782 omnes
840 2717 949 2801 copias
972 2716 1008 2780 in
1032 2716 1134 2781 aciem

120 2805 247 2871 direxit.
292 2805 348 2871 sed
378 2809 412 2870 et
440 2768 590 2872 consides
619 2804 816 2891 Fuluiusque
845 2806 1038 2889 proconsule
1070 2827 1134 2870 non

78 2909 106 2948 ³0
120 2895 340 2959 detrectauere
359 2914 514 2980 pugnam.
550 2898 585 2960 at
601 2894 659 2959 uhi
677 2895 842 2978 expositae
863 2894 1025 2978 utrimque
1050 2895 1134 2959 acies
1154 2903 1170 2951 ὁ

120 2982 350 3067 constiterunt,
378 2983 413 3047 in
441 2985 616 3066 conspectu
645 2983 768 3048 Romae
796 2984 974 3067 praemium
1003 2982 1135 3047 uictoris

26 3086 104 3132 arel
120 3069 259 3137 futurae
286 3073 399 3136 tantus
427 3093 461 3136 se
489 3071 598 3137 subito
625 3071 731 3136 imber
760 3092 777 3135 e
807 3072 948 3137 nubibus
978 3070 1135 3156 grandine

122 3159 244 3224 mixtus
268 3158 394 3242 effudit,
421 3162 458 3224 ut
443 3159 621 3224 tturbata
643 3161 776 3244 agmina
798 3160 854 3225 uix
877 3161 976 3225 armis
999 3159 1134 3222 retentis

119 3248 155 3312 in
183 3270 242 3312 sua
269 3269 304 3314 sa
331 3256 438 3312 castra
466 3248 665 3334 colligerent.
711 3247 824 3313 deinde
854 3269 927 3312 cum
958 3246 1166 3311 serenitatess

79 3335 279 3402 ³⁵reddita
269 3358 304 3400 m
334 3358 485 3420 campum
512 3337 625 3421 copiae
652 3337 810 3422 atquein
776 3336 938 3401 maciem
966 3332 1136 3415 redissent,

119 3446 250 3490 rursum
277 3424 454 3490 uiolentior
479 3424 554 3490 fusa
579 3428 757 3508 tempestas
784 3424 905 3488 maiore
935 3424 1023 3485 metu
1052 3442 1135 3486 mor-

119 3513 238 3579 talium
247 3513 415 3580 audaciam
429 3512 595 3580 cohercuit
606 3513 801 3596 territosque
816 3510 974 3576 exercitus
988 3508 1135 3595 refugere
