2370 3960
326 184 522 236 snvnnsvn
538 184 704 237 Pedanos
722 187 762 237 vr
782 189 894 239 16-18.
1050 187 1116 250 219

10 355 28 392 r·
42 344 84 383 4²8
105 326 233 391 citauit!
272 329 306 390 et
333 329 443 390 tamen
470 327 587 391 horum
616 323 768 392 lomnium
797 329 958 394 malorum
987 328 1152 394 initiume

101 415 253 499 superbia
284 418 346 479 est:
374 415 448 478 inde
476 419 666 480 exarserunt
692 416 779 480 bella
807 417 928 501 ciuilia,
956 418 1029 482 inde
1057 419 1117 483 ite-

99 526 173 568 rum
196 503 406 586 pullularunt.
448 525 515 568 non
538 524 615 588 ergo
640 504 761 568 iniusta
785 504 897 569 caedes
922 511 971 570 est
995 529 1117 590 eorum,

100 592 155 676 qui
180 613 252 656 eam
275 592 393 655 iniuste
418 596 654 675 consectantur,
678 592 705 657 si
729 593 917 657 ambitionis
942 597 1116 660 aemulatio

72 697 158 764 ⁵per
179 680 269 763 ipsos
294 683 392 764 atque
415 679 450 744 in
476 680 556 762 ipsis
584 684 617 744 et
644 681 752 764 agitur
780 685 813 744 et
840 682 986 764 punitur,
1015 684 1116 748 donec

100 769 156 853 qui
185 768 405 833 detractauere
433 769 617 853 collegium,
646 769 772 833 discant
795 769 879 833 ferre
906 770 1116 852 dominatum,

102 878 291 940 summaque
314 856 442 940 imperii
465 857 567 921 totius
587 857 627 921 ad
645 879 745 921 unum
762 857 894 922 redacta
912 859 1009 941 longe
1029 859 1116 922 aliud

100 967 214 1010 omnes
244 946 391 1009 homines
415 946 547 1009 uiuendi
570 966 672 1030 genus
697 946 842 1028 subeant,
865 949 902 1009 ut
924 968 1034 1011 omnes
1058 947 1116 1010 hu-

100 1034 222 1097 militer
246 1033 370 1117 placere
389 1032 548 1113 studeant,
569 1055 637 1098 non
655 1034 833 1098 insolenter
852 1035 1020 1098 offendere.
1058 1036 1113 1098 secl
1135 1051 1167 1097 ro

58 1139 85 1177 10
99 1123 140 1186 ad
164 1128 232 1186 tam
258 1123 421 1187 salubrem
439 1122 635 1186 humilitatis
656 1123 836 1186 doctrinam
855 1123 1012 1207 magistro
1034 1146 1114 1205 opus

99 1214 157 1275 est.
203 1211 313 1295 itaque
342 1214 522 1294 opportune
551 1210 728 1292 conpositis
752 1212 849 1276 rebus
873 1211 1014 1294 Augusti
1038 1209 1115 1275 Cae-

99 1296 182 1362 saris
206 1304 304 1363 natus
329 1302 379 1363 est
401 1298 561 1362 Dominus
585 1296 750 1382 Christus,
779 1301 833 1385 qui
857 1322 929 1364 cum
952 1301 986 1363 in
1009 1300 1115 1364 forma

98 1387 161 1457 Dei
184 1391 278 1471 esset,
301 1387 440 1452 formam
464 1387 550 1451 serui
572 1387 738 1452 humiliter
761 1389 954 1472 adsumpsit,
977 1394 1015 1452 ut
1037 1392 1115 1452 tunc

99 1474 228 1540 demum
247 1476 353 1558 aptior
370 1476 464 1540 fieret
480 1475 676 1540 humilitatis
700 1477 871 1555 institutio,
896 1477 1024 1562 quaudo
1048 1478 1114 1541 iam

57 1580 84 1619 1⁵
98 1586 157 1646 per
186 1567 293 1628 totum
323 1564 478 1628 mundum
507 1585 614 1647 poena
644 1565 812 1647 superbiae
846 1565 997 1630 omnibus
1031 1571 1116 1630 esset

98 1653 257 1735 exemplo

164 1739 262 1804 Anno
287 1741 327 1805 ab
352 1741 430 1804 urbe
454 1740 585 1805 condita
607 1757 704 1804 Dccx
731 1741 781 1803 int
783 1762 817 1803 er
819 1740 902 1805 fecto
868 1740 1008 1806 tlulio
1034 1739 1111 1805 Cae·
1130 1712 1167 1805 ld

99 1851 170 1893 sare
190 1827 252 1892 Oct
238 1829 399 1912 tacianuS,
423 1829 477 1913 qui
500 1833 695 1893 testamento
715 1827 778 1892 Iuli
798 1827 945 1893 Caesaris
965 1830 1116 1894 auunculi

10 1946 28 1983 r.
43 1935 86 1973 42⁹
101 1921 134 1981 et
161 1917 375 1982 hereditatem
404 1914 444 1982 let
470 1939 588 1982 nomen
617 1917 844 2002 adsumpserat
871 1917 1033 2001 idemque,
1061 1919 1115 2003 qui

57 2023 85 2062 2⁰
99 2009 213 2088 postea
239 2027 347 2070 rerum
374 2009 432 2090 pot
418 2006 499 2069 titus
526 2006 695 2090 Augustus
724 2009 775 2070 est
803 2007 923 2088 dictus,
954 2007 1049 2071 simul
1079 2010 1116 2070 ut

97 2093 238 2158 Romam
270 2094 458 2159 adulescens
494 2095 667 2159 admodum
699 2095 806 2175 uenit,
842 2094 985 2159 indolem
1022 2116 1114 2158 suam

98 2183 195 2247 bellis
222 2182 370 2247 ciuilibus
398 2183 497 2248 uouit.
542 2204 634 2266 nam,
661 2187 698 2247 ut
724 2143 866 2247 breuiter
895 2183 1112 2247 coaceruatio·
1131 2201 1147 2248 a

97 2293 173 2334 nem
202 2272 361 2335 malorum
389 2253 560 2353 explicem,
589 2271 676 2335 bella
699 2272 808 2335 ciuilia
831 2271 973 2355 quinque
997 2272 1114 2354 gessit:

97 2359 283 2423 Mutinense
310 2359 519 2444 Philippense
547 2359 741 2427 Perusinum
765 2357 909 2423 Siculum
933 2356 1113 2422 Actiacum

56 2462 115 2510 2⁵e
139 2448 256 2531 quibus
281 2447 353 2530 duo,
375 2447 511 2512 hoct
461 2451 511 2512 est
533 2447 674 2530 primum
693 2468 730 2509 ac
753 2445 976 2527 nouissimum,
1001 2445 1112 2508 aduer-

98 2558 153 2599 sus
176 2535 220 2600 M.
239 2536 308 2599 Ant
294 2537 430 2617 lonium,
454 2535 627 2600 secundum
640 2531 804 2598 aduersus
823 2532 905 2597 Brut
891 2536 1001 2595 teum
984 2529 1113 2596 et-Oas

10 2651 29 2688 r
43 2641 84 2680 4³⁰
100 2624 193 2707 sium,
211 2625 287 2688 tert'
263 2629 345 2688 trum
360 2623 514 2689 aduersus
528 2623 562 2687 L
572 2622 641 2686 Ant
626 2622 762 2703 tunium,
781 2617 942 2704 quarltum
957 2620 1112 2684 aduersus

100 2711 172 2777 Sex.
190 2712 390 2796 Pompeium,
409 2711 466 2778 On.
485 2710 620 2793 Pompei
639 2710 751 2793 filium,
770 2709 917 2775 confecit.
949 2709 1017 2772 Ant
1003 2709 1111 2773 tonius
1130 2728 1146 2776 3

100 2823 119 2864 a
147 2804 262 2864 senatu
289 2801 394 2866 hostis
422 2801 652 2885 pronuntiatus
675 2798 715 2863 D.
739 2798 877 2862 Brutum
906 2798 992 2880 apud
1015 2796 1114 2862 Muti-

58 2905 85 2945 80
98 2910 175 2953 nam
199 2889 366 2955 obsidione
389 2889 597 2955 concluserat.
634 2888 781 2952 consules
800 2886 928 2951 Hirtius
953 2889 987 2950 et
1008 2885 1114 2950 Pansa

99 2981 226 3041 etcum
250 2978 302 3042 his
327 2974 445 3042 Caesar
467 2978 508 3042 ad
535 2977 739 3041 liberandum
761 2976 900 3041 Brutum
928 2996 1113 3059 expugnan-

99 3065 238 3151 dumque
267 3066 445 3131 Antonium
475 3065 575 3130 missi.
621 3064 729 3130 Pansa
757 3065 864 3149 primo
894 3065 1029 3128 ueniens
1060 3081 1148 3129 ex·4

98 3158 211 3236 ceptus
235 3154 376 3234 insidiis,
402 3154 487 3219 inter
514 3175 646 3218 suorum
669 3154 777 3218 clades
801 3155 870 3237 ipse
894 3173 1020 3236 quoque
1043 3151 1111 3233 pilo

99 3242 242 3324 grauiter
264 3243 415 3307 uulnerat
400 3245 453 3307 tus
477 3243 518 3306 ab
542 3242 655 3307 eodem
673 3243 807 3306 uulnere
826 3239 1028 3322 interpositis
1048 3237 1112 3300 die·

58 3343 85 3386 ³⁵
99 3330 159 3394 bus
193 3335 243 3396 est
276 3334 432 3396 mortuus.
480 3328 607 3395 Hirtius
640 3330 795 3394 auxilium
828 3326 971 3410 collegae
1002 3326 1109 3388 ferens

99 3439 234 3503 magnas
258 3419 328 3485 Ant
313 3418 397 3485 tonii
424 3418 535 3502 copias
562 3423 699 3483 uastas
684 3421 794 3501 strage
817 3415 945 3479 deleuit.
992 3411 1112 3477 Caesar

100 3512 232 3573 eatenus
257 3512 365 3575 eastra
387 3505 549 3573 custodiit.
590 3505 732 3572 secunda
755 3503 908 3569 aduersus
932 3503 1000 3566 Ant
986 3505 1113 3567 omum
1132 3520 1148 3569 a
