2370 3960
109 187 172 250 ης
349 185 458 235 ram
475 184 602 234 ouosn
618 185 868 236 msroarauru
912 246 918 253 ,

57 348 89 392 11
110 344 298 414 quaestores
319 326 502 410 praefectos
523 332 559 390 et
579 327 731 391 mounes
752 327 851 391 iussit
872 324 984 390 occidi.
1022 322 1114 387 Pom·

104 419 197 501 peius
216 413 400 479 Carbonem
421 437 443 478 s
460 412 604 480 Cossura
620 416 729 479 ursula
745 417 782 479 in
798 415 987 498 Aegyptum
1004 412 1115 495 fugere

104 516 291 584 conantem,
317 503 353 566 in
379 499 525 566 Siciliam
553 503 594 566 ad
621 523 657 566 ae
682 505 864 566 retractum
882 501 1116 583 conpluresque

53 607 86 654 12
104 615 178 657 cum
202 613 241 655 eo
264 590 371 655 socios
393 591 464 654 eius
482 589 609 654 occidit.
644 587 737 672 Syllo
753 589 895 653 dictator
913 592 1040 652 oreatus
1059 591 1117 663 cst,

102 686 139 744 ut
171 678 402 743 dominationis
433 681 468 740 et
498 676 700 742 crudelitatis
730 677 833 742 libido
862 676 994 741 honesti
1023 692 1144 758 prae-5

103 768 252 850 eipuique
270 765 413 829 nominis
431 765 613 829 reuerentia
630 769 666 829 et
683 767 865 830 amaretur
887 766 921 827 et
941 763 1117 827 uelaretur.

50 873 84 920 13
103 855 277 939 Pompeius
295 854 330 917 in
348 852 496 917 Africam
513 856 737 938 hanegreesns
760 851 929 934 eruptione
947 852 1033 916 circa
1044 849 1116 914 Vti-

103 966 175 1009 cam
205 943 291 1007 facta
319 941 429 1005 decem
459 944 492 1005 et
521 944 595 1006 octo
625 942 717 1006 milia
744 941 915 1006 hominum
945 939 1116 1004 interfecit

103 1054 167 1117 quo
190 1031 275 1095 bello
293 1027 458 1093 Domitius
478 1029 543 1092 dux
560 1028 727 1095 Marianus
751 1030 829 1094 dum
850 1029 937 1093 inter
958 1028 1117 1112 primores

50 1138 84 1185 ¹⁴
102 1114 1117 1288 uastssiustultuttuuussttalt
1132 1133 1157 1173 ¹⁰

100 1295 287 1358 Maurorum
318 1293 405 1377 regis
433 1293 501 1356 filio
534 1288 679 1376 spolliari
709 1294 860 1358 omnibus
892 1292 993 1375 copiis
1025 1293 1116 1355 fecit:
1135 1319 1183 1358 no

100 1403 196 1466 quem
224 1380 378 1444 continuo
401 1378 532 1444 Bullam
560 1403 726 1446 reuersum
753 1381 875 1446 tradito
903 1380 967 1445 sibi
995 1379 1116 1463 oppido

99 1468 272 1534 interfecit.
911 1500 916 1510 ·

46 1568 84 1623 22
168 1555 293 1621 Orestis
322 1556 432 1641 itaque
459 1556 495 1622 P.
519 1556 656 1624 Seruilio
684 1561 718 1622 et
740 1556 849 1642 Appio
877 1555 1014 1622 Claudio
1042 1574 1158 1621 con-1⁵

65 1662 81 1709 a
101 1644 224 1710 sulibus
248 1645 337 1709 uisus
361 1647 412 1709 est
429 1647 561 1711 tandem
580 1643 670 1730 Sylla
687 1646 844 1730 priuatus.
879 1646 942 1710 hoo
960 1646 1024 1710 fine
1044 1666 1119 1710 con·

100 1734 191 1798 clusa
215 1736 292 1795 sunt
317 1732 381 1797 duo
405 1733 492 1798 bella
513 1734 746 1817 funestissima,
769 1734 889 1799 sociale
911 1733 1063 1798 Italicum
1087 1736 1120 1797 et

102 1820 197 1885 ciuile
227 1818 404 1901 syllanum.
450 1821 529 1886 haec
556 1843 614 1906 per
644 1844 747 1887 annos
775 1822 885 1886 decem
912 1825 1017 1886 tracta
1044 1823 1117 1906 plus

103 1929 201 1992 quam
235 1910 364 1972 centum
397 1909 633 1994 quinquaginta
666 1909 755 1973 milia
786 1908 1009 1974 Romanorum
1042 1929 1117 1973 con·

65 1997 323 2078 asumpserunt3
347 1998 537 2080 tantumque
562 1997 812 2061 lectissimorum
835 1996 980 2060 uirorum
1003 2017 1116 2059 uerna-
1131 2014 1158 2053 20

99 2083 308 2165 colorumque
336 2082 476 2147 militum
503 2082 609 2149 Roma
638 2083 700 2148 hoc
730 2083 819 2148 ciuili
849 2084 936 2148 bello
965 2082 1117 2166 perdidit,

101 2165 313 2254 quantumin
333 2190 371 2233 ea
395 2170 559 2253 superiore
581 2174 737 2255 tempore,
760 2192 834 2235 oum
857 2191 891 2236 se
914 2170 979 2235 ism
1003 2170 1115 2235 aduer-

100 2279 170 2321 sum
192 2256 413 2323 Alexandrum
436 2256 594 2343 Magnum
617 2257 886 2342 circumspiceret,
908 2259 943 2323 in
966 2258 1114 2322 discretis

64 2345 263 2410 ructatibus
291 2365 406 2410 census
434 2345 576 2430 inuenit;
608 2350 777 2431 praeterea
807 2346 897 2412 uiros
930 2347 1115 2413 consulares

100 2433 220 2518 uiginti
238 2436 272 2500 et
290 2436 451 2519 quattuor,
470 2435 651 2518 praetorios
670 2456 735 2519 sex,
754 2433 918 2501 aedilicios
937 2435 1117 2520 sexaginta,
1130 2453 1156 2494 u

101 2525 267 2587 senatores
280 2520 348 2586 fere
361 2519 528 2606 ducentos,
547 2522 670 2608 absque
689 2522 867 2589 innumeris
885 2525 987 2590 totius
1001 2523 1117 2589 Italiae

97 2609 243 2693 populis,
275 2607 329 2693 qui
359 2609 483 2693 possim
513 2610 583 2675 sine
613 2611 874 2677 consideratione
903 2612 1002 2677 deleti
1032 2617 1118 2696 sunt,

98 2718 179 2779 quos
208 2699 306 2781 tremit
334 2695 520 2783 quisquam,
553 2699 581 2762 si
605 2700 713 2782 ,ualet,
745 2700 824 2783 quin
854 2701 967 2765 eodem
996 2701 1116 2764 damno

97 2805 154 2847 suo
179 2783 292 2849 uicerit
315 2781 422 2850 Roma
445 2806 509 2869 quo
534 2786 645 2851 amisit
666 2786 774 2851 Italia
1023 2848 1026 2855 ,

61 2880 76 2929 c
163 2869 225 2935 Pro
245 2869 363 2954 prodor!
384 2892 464 2937 nuni
483 2872 637 2957 quidnam
660 2878 693 2938 et
715 2874 767 2939 hic
790 2874 1022 2957 conparatione
1045 2897 1115 2940 am-
1130 2894 1157 2934 eo

95 2958 193 3042 bigun
223 2962 322 3041 egent
348 2959 520 3043 tempora?
561 2961 662 3026 immo
689 2960 742 3026 uel
769 2963 922 3042 maxime,
948 2962 1115 3048 inquiunt:

98 3067 174 3110 uam
198 3044 274 3130 quid
297 3050 366 3111 tani
389 3052 466 3130 opto
489 3068 589 3132 quiam
611 3048 705 3114 bellis
727 3049 878 3114 ciuilibus
896 3050 985 3116 bella
1003 3052 1117 3117 ciuilio

100 3133 340 3217 conparantur?
372 3154 415 3201 un
439 3133 525 3201 forte
547 3134 681 3219 dicetur,
703 3136 803 3201 etiam
825 3137 863 3202 in
884 3138 938 3204 his
959 3141 1116 3225 tempori·

61 3232 77 3279 c
99 3218 166 3286 lbus
192 3221 280 3287 bollo
302 3220 413 3288 ciuilia
434 3243 501 3288 riou
524 3222 646 3289 seduc?
683 3223 800 3309 quibus
823 3246 845 3291 a
864 3227 1178 3313 nobisrespou·1›.·

96 3308 236 3391 debitur,
264 3310 380 3379 iustius
409 3309 540 3396 quidem
568 3310 702 3379 sutelis
729 3314 840 3379 elocari
864 3321 1029 3400 oportere,
1056 3317 1115 3380 sed
1129 3337 1157 3377 rs

95 3397 192 3461 nobis
208 3398 369 3481 pastun,
387 3398 415 3464 si
433 3397 543 3464 ritulis
561 3399 780 3468 introituum
811 3423 885 3468 eum
902 3401 992 3468 enim
1004 3404 1115 3469 causis

95 3485 264 3551 scedulis
294 3507 332 3552 uc
360 3484 476 3554 studiis
503 3486 595 3571 {uria
623 3486 783 3556 demetr
808 3489 921 3556 omma
946 3494 1020 3556 tuln
1050 3492 1117 3557 sibi
