2370 3960
371 184 568 237 nnunnsvn
585 185 750 239 PAGANOS
769 187 794 238 v
812 189 854 240 24.
1053 185 1118 251 185

106 327 142 390 in
159 347 197 392 eo
213 326 334 412 singuli
342 329 380 391 eb
395 327 569 413 aliquando
590 327 686 392 simul
705 349 778 394 oum
797 328 980 415 agminibus
997 329 1120 395 frustra

102 415 224 479 iunctis
255 415 350 479 ambo
379 416 526 481 eonsules
555 416 634 480 uicti
663 420 739 481 sunt
765 417 960 502 plurimique
989 419 1118 484 nobiles

102 502 271 586 trucidati3
293 503 358 586 ipsi
380 507 489 568 autem
513 503 647 588 fugitiui
669 505 743 589 plus
762 527 860 590 quam
879 509 1008 571 centum
1026 507 1118 572 milia

102 590 203 676 fuere,
227 591 283 674 qui
306 592 391 656 oaesi
414 595 498 657 suni.
536 613 575 656 ex
598 613 661 677 quo
685 593 905 676 admonemus,
927 597 965 659 ut
987 594 1060 679 ipsa
1084 617 1117 660 se
1136 614 1172 667 20

74 679 291 744 soonsoletur
312 678 410 744 Italia
428 680 466 744 de
484 681 655 746 uexatione
673 684 879 746 externorum
896 684 1116 764 praesentium

101 788 161 850 per
187 767 444 833 recordationem
471 768 719 852 praeteritorum
751 791 790 835 ex
822 791 856 834 se
889 772 986 853 atque
1017 771 1052 834 in
1082 777 1125 836 se'

10 885 31 923 o·
48 871 90 912 ³6³
104 859 139 919 et
167 855 273 939 ipsam
301 878 336 922 se
367 853 661 941 inconpairabiliber
692 857 851 924 erudelius
884 857 1116 924 dilacerantum

102 965 243 1011 suorum.

171 1031 389 1108 Quamobrem
411 1033 487 1098 huic
509 1054 594 1099 nune
617 1033 730 1118 quinto
754 1033 914 1099 uolumini
931 1034 997 1098 iam
1016 1033 1115 1097 finem
1133 1055 1167 1103 21

59 1137 87 1176 10
102 1119 243 1203 fecerim,
265 1123 303 1186 ub
325 1121 413 1186 bella
435 1121 545 1186 ciuilia
567 1121 708 1187 externis
731 1122 850 1206 ubique
868 1121 1036 1206 permixta,
1060 1122 1113 1186 uel

102 1231 185 1292 quae
215 1208 301 1274 diota
329 1214 406 1274 sunt
432 1210 484 1274 uel
512 1210 611 1275 etiam
638 1231 720 1296 quae
748 1214 938 1296 sequuntur,
969 1210 1044 1294 quia
1068 1210 1114 1275 sio

101 1297 165 1362 sibi
188 1297 270 1362 serie
293 1300 476 1383 temporum
500 1302 533 1363 et
555 1298 650 1363 malis
675 1300 867 1383 sequacibus
891 1299 1114 1382 cohaeserunt,

98 1385 177 1451 libri
200 1386 317 1451 saltem
339 1387 478 1451 termino
503 1389 700 1472 separentur.
