2370 3960
84 185 151 250 264
330 187 438 239 raum
457 186 581 238 onosu
598 186 847 238 maromanvu

89 331 166 415 fuit;
195 329 368 414 statimque
398 333 435 394 ut
463 330 635 414 potestatis
665 329 791 414 copiam
818 329 949 413 habuit,
977 327 1104 413 Aprum

87 418 329 483 interfectorem
344 416 533 483 Numeriani
552 439 652 482 manu
671 440 730 483 sua
748 416 920 483 interfecit.
949 415 1104 482 Carinum

86 507 209 588 deinde,
233 528 329 591 quem
350 504 452 571 Carus
477 506 647 573 Caesarem
670 506 705 571 in
728 505 896 571 Dalmatia
918 505 1104 589 reliquerat,

88 594 250 678 flagitiose
274 596 439 660 uiuentem
462 595 654 661 difficillimo
674 595 759 661 bello
778 598 812 659 et
829 594 972 659 maximo
991 594 1104 660 labore

54 695 70 741 a
91 685 264 767 superauit.
302 684 419 748 dehinc
438 705 509 750 cum
528 685 562 747 in
581 682 688 749 Callia
707 682 875 748 Amandus
895 686 929 748 et
947 681 1126 748 Aelianuss

89 774 224 837 collecta
247 773 485 838 rusticanorum
508 794 615 855 manu,
638 794 719 855 quos
738 769 908 836 Bacaudas
931 771 1105 850 uocabant,

89 862 289 944 perniciosos
304 863 462 926 tumultus
477 860 717 946 excitauissent,
735 859 973 925 Maximianum
986 881 1105 946 cogno·
1165 935 1179 945 ,

90 954 201 1015 mento
225 949 414 1016 Herculium
438 948 610 1015 Caesarem
633 949 710 1015 feeit
732 949 884 1033 misitque
907 948 942 1011 in
966 945 1104 1014 Gallias:

92 1041 147 1123 qui
172 1039 267 1104 facile
291 1039 467 1123 agrestium
490 1038 659 1103 hominum
682 1037 867 1122 imperitam
885 1039 918 1101 et
936 1038 1104 1103 confusam

55 1138 71 1185 3
91 1149 226 1192 manum
250 1128 384 1191 militari
407 1127 529 1192 uirtute
553 1126 734 1210 conposuit.
781 1124 894 1190 deinde
921 1121 1169 1197 lCarausiusuue

90 1216 236 1299 quidam,
260 1236 377 1298 genere
402 1215 532 1298 quidem
554 1215 686 1279 infimus
710 1215 766 1279 sed
789 1213 925 1279 consilio
950 1218 985 1279 et
1006 1235 1137 1278 manun

88 1306 267 1385 promptus,
286 1324 359 1367 cum
379 1303 419 1366 ad
439 1302 642 1367 obseruanda
661 1299 907 1384 Oceani'litora,
925 1323 1009 1386 quae
1027 1305 1104 1367 tunc

88 1390 204 1453 Franci
232 1394 265 1453 et
293 1388 436 1456 Saxones
464 1390 678 1475 infestabant,
709 1392 835 1475 positus
865 1390 938 1475 plus
968 1391 1005 1456 in
1034 1411 1104 1476 per-

87 1478 204 1541 niciem
223 1501 322 1563 quam
340 1479 374 1543 in
393 1484 582 1563 prouectum
600 1480 797 1564 reipublicae
816 1483 936 1564 ageret,
960 1483 1105 1563 ereptam

87 1567 305 1649 praedonibus
332 1567 486 1651 praedam
514 1569 605 1632 nulla
632 1591 671 1634 ex
698 1573 792 1653 parte
821 1567 1024 1633 restituendo
1052 1568 1140 1634 dou

87 1655 183 1719 minis
209 1656 265 1720 sed
288 1657 352 1725 sibi
374 1657 436 1721 soli
458 1656 654 1723 uindicando
679 1657 854 1722 accendens
878 1656 1105 1742 suspicionem,

89 1745 166 1829 quia
190 1745 278 1829 ipsos
303 1767 429 1830 quoque
452 1745 564 1811 hostes
589 1745 629 1810 ad
653 1744 862 1811 incursandos
885 1745 967 1810 fines
988 1745 1105 1810 artifici

89 1834 296 1919 neglegentia
309 1835 519 1919 permitteret,
538 1835 747 1918 quamobrem
758 1832 984 1899 aMaximiano
997 1833 1105 1899 iussus

51 1933 68 1978 4
89 1923 191 1987 occidi
210 1945 384 2005 purpuram
405 1922 545 2007 sumpsit
564 1944 601 1986 ac
619 1921 809 1987 Britannias
833 1923 1014 2007 occupauit.
1043 1923 1102 2008 igi·

88 2013 141 2073 tur
170 2032 227 2093 per
256 2032 367 2074 omnes
391 2009 533 2075 Romani
560 2011 689 2094 imperii
716 2012 797 2078 fines
827 2011 1008 2076 subitarum
1037 2013 1103 2076 turss
1117 2032 1142 2073 ro

88 2098 259 2161 bationum
281 2097 428 2183 fragores
452 2102 716 2183 concrepuerunt,
740 2098 896 2165 Carausio
921 2100 956 2163 in
974 2098 1105 2165 Britan·

88 2187 152 2248 niis
176 2186 364 2270 rebellante,
387 2185 536 2251 Achilleo
559 2187 593 2250 in
616 2185 782 2272 Aegypto,
806 2208 880 2251 cum
902 2189 936 2251 et
959 2186 1105 2252 Africam

59 2339 62 2343 ,
92 2272 389 2358 Quinquegentiani
418 2274 627 2360 infestarent,
655 2274 799 2340 Narseus
828 2275 928 2340 etiam
951 2298 1008 2341 rex
1030 2275 1105 2341 Per·

53 2371 198 2427 asarum
228 2364 385 2429 orientem
409 2363 494 2429 bello
517 2367 686 2447 premeret.
727 2364 791 2429 hoc
814 2363 957 2448 periculo
976 2363 1104 2430 Diocle-

88 2452 198 2518 tianus
227 2459 392 2538 permotus
419 2452 655 2518 Maximianum
682 2453 871 2519 Herculium
903 2474 942 2517 ex
965 2451 1104 2519 Caesare
1118 2475 1142 2516 rs

89 2542 165 2607 fecit
197 2542 382 2626 Augustum
389 2594 399 2625 ,
436 2540 664 2609 Constantium
696 2565 773 2609 uero
806 2545 838 2607 et
869 2541 1104 2608 Maximianum

90 2631 256 2696 Galerium
282 2630 436 2697 Caesares
449 2632 555 2716 ,legit
600 2629 810 2698 Constantius
835 2630 979 2696 Herculii
1002 2629 1105 2694 Maxi-

90 2720 192 2783 miani
220 2721 405 2804 priuignam
429 2720 634 2785 Theodoram
658 2721 782 2804 accepit
804 2741 953 2804 uxorem,
977 2740 1017 2783 ex
1039 2741 1104 2804 qua

52 2814 67 2860 6
89 2826 144 2867 sex
163 2805 248 2870 filios
271 2807 388 2871 fratres
413 2806 620 2873 Constantini
644 2810 784 2873 sustulit.
825 2806 1010 2892 Carausius,
1032 2807 1102 2871 Bri·

87 2893 202 2956 tannia
232 2893 294 2955 sibi
323 2915 381 2975 per
405 2898 528 2977 septem
553 2917 658 2961 annos
680 2895 857 2961 fortissime
880 2897 1043 2963 uindicata
1066 2916 1144 2961 aceo

75 2983 224 3063 retenta,
246 2979 379 3044 tandem
398 2981 510 3045 fraude
529 2980 648 3047 Alleoti
666 2985 745 3048 socii
764 2985 812 3049 sui
832 2985 1023 3052 interfectus
1042 2989 1102 3051 ost.

88 3069 235 3134 Allectus
254 3070 376 3151 postea
404 3071 548 3153 ereptam
572 3068 727 3136 Carausio
756 3072 896 3139 insulam
923 3096 981 3158 per
1003 3075 1103 3139 trien-

89 3159 179 3222 nium
198 3156 315 3222 tenuit:
341 3177 436 3241 quem
456 3156 707 3240 Asclepiodotus
731 3161 915 3243 praefectus
938 3163 1102 3246 praetorio

88 3249 250 3331 oppressit
281 3245 547 3329 Britanniamque
580 3250 655 3330 post
688 3248 797 3314 decem
831 3273 934 3316 annos
970 3251 1103 3334 recepit.

52 3343 67 3390 ⁷
89 3334 300 3402 Constantius
328 3357 404 3401 uero
434 3332 554 3399 Caesar
580 3335 615 3398 in
638 3336 746 3402 Callia
772 3339 880 3422 primo
907 3339 1031 3421 proelio
1061 3339 1102 3403 ab
1117 3360 1143 3402 aa

88 3423 282 3490 Alamannis
305 3426 475 3510 profligato
500 3424 641 3489 exercitu
665 3448 733 3511 suo,
756 3428 811 3491 uix
834 3427 906 3510 ipse
928 3425 1102 3505 subreptus

88 3514 152 3593 est3
182 3513 321 3578 secundo
346 3518 454 3578 autem
478 3515 588 3578 secuta
612 3517 662 3579 est
685 3517 764 3581 satis
788 3513 928 3581 secunda
949 3511 1101 3578 uictoria:
