2370 3960
105 206 170 269 242
350 206 458 257 PAVLI
477 205 600 257 oaosn
617 203 868 256 HISTORIARVM

104 373 173 415 rere
202 350 330 415 hostem
358 349 483 414 uiribus
513 348 641 431 otiosis,
675 346 885 412 Germaniam
914 345 1116 431 Galliamque

104 460 302 522 percurrens,
325 439 360 502 in
385 459 442 502 ora
461 436 581 502 Oceani
600 437 686 501 circa
703 439 910 519 prospectum
929 434 1143 499 Britanniae·

104 527 235 590 restitit.
284 549 421 611 cumque
458 527 504 591 ibi
536 524 858 608 Minocynobelinum
890 523 1119 588 Britannorum
1151 565 1155 573 ·

104 616 190 699 regis
211 615 322 698 filium,
348 616 403 700 qui
427 637 446 679 a
468 618 562 699 patre
580 615 692 698 pulsus
711 634 785 677 cum
803 612 916 696 paucis
936 611 1119 690 oberrabat,
1164 655 1166 659 ψ

106 706 139 767 in
163 704 361 769 deditionem
384 704 571 787 recepisset,
599 701 765 767 deficiente
793 701 873 765 belli
897 701 1034 766 materia
1057 700 1143 765 lio-⁶

70 806 86 853 6
105 815 192 856 mam
216 793 320 857 rediit.
355 793 459 857 isdem
483 795 592 857 autem
610 789 723 855 diebus
742 789 861 873 Iudaei,
885 790 940 874 qui
959 789 1025 854 iam
1044 793 1119 854 tunc

106 882 147 945 ob
167 882 352 965 passionem
370 879 494 946 Christi
518 880 641 945 meritis
666 879 784 963 ubique
808 878 953 942 cladibus
976 878 1119 962 exagita-

106 971 187 1033 bant
174 974 235 1053 tur,
255 970 340 1055 apud
359 969 590 1034 Alexandriam
608 969 765 1033 seditione
784 968 925 1032 excitata
926 1018 934 1051 ,
906 967 1121 1053 aprofligati

107 1059 265 1123 caedet
232 1063 326 1142 atque
354 1058 434 1123 urbe
462 1058 623 1142 propulsi,
652 1056 940 1141 expromendarum
951 1056 1119 1159 querella

106 1170 179 1210 rum
203 1168 301 1211 causa
324 1146 495 1210 Philonem
520 1146 693 1231 quendam,
716 1145 823 1210 uirum
847 1166 924 1209 sane
948 1144 984 1208 in
1007 1144 1120 1229 primis
1135 1162 1158 1202 u

71 1235 212 1299 uemdit
198 1240 282 1317 t,um
310 1235 455 1319 legatum
485 1235 526 1299 ad
548 1233 723 1299 Caesarem
747 1234 912 1298 miserant
958 1233 1014 1297 sed
1038 1231 1133 1298 Cali-

107 1324 183 1406 gula
211 1344 283 1386 cum
311 1322 461 1387 omnibus
491 1321 677 1387 hominibus
703 1325 775 1386 tum
798 1322 970 1406 praecipue
993 1321 1122 1387 Iudaeis

106 1410 350 1493 infestissimus,
379 1415 490 1493 spreta
513 1411 676 1512 legatione
699 1409 848 1476 Philonis
873 1432 987 1475 omnes
1009 1409 1122 1476 Iudae·

107 1521 199 1562 orum
228 1520 335 1563 sacras
360 1499 450 1563 sedes
475 1499 603 1585 atque'
594 1521 630 1563 ιιι
652 1499 766 1583 primis
790 1501 960 1584 antiquum
984 1500 1097 1564 illud
1087 1521 1123 1564 ιιι

106 1586 342 1672 Hierosolymis
362 1584 547 1653 sacralrium
568 1588 736 1672 profanari
760 1588 926 1654 sacrificiis
950 1593 1028 1673 gent
1014 1588 1122 1654 rhum
1140 1617 1161 1655 ι
1176 1627 1185 1641 κ

108 1698 145 1740 ac
175 1677 292 1760 repleri
324 1677 441 1742 statuis
473 1678 756 1762 simulacrisque
746 1677 920 1762 1mperauit
948 1699 1047 1762 seque
1075 1677 1123 1741 ibi
1137 1695 1161 1735 ιι

72 1769 145 1829 8ιιι
131 1765 268 1829 tdeum
296 1766 359 1830 coli
385 1768 558 1851 praecepit
605 1767 730 1832 Pilatus
759 1770 866 1832 autem
894 1788 1039 1851 praeses,
1068 1764 1123 1851 qui

109 1857 303 1919 sententiam
322 1855 539 1920 damnationis
558 1856 594 1920 in
612 1853 778 1922 Christum
797 1855 929 1932 dixerat,
949 1859 1123 1940 postquam

108 1944 264 2027 plurimas
294 1943 467 2015 seditiones
496 1944 530 2007 in
557 1943 793 2029 Hierosolymis
822 1944 947 2027 excepit
973 1965 1012 2008 ac
1038 1943 1124 2027 facit,

108 2035 182 2095 tant
168 2032 212 2095 tis
235 2032 407 2115 inrogante
374 2031 513 2097 Gtaio
536 2031 713 2116 angoribus
737 2035 863 2098 coartat
864 2055 901 2097 ιιι
925 2036 984 2116 est,
1006 2036 1044 2097 ut
1065 2055 1124 2098 sua
1137 2050 1164 2090 ιο

110 2125 181 2182 set
167 2120 431 2184 transuerberans
459 2142 559 2185 manu
587 2121 746 2186 malorum
769 2121 985 2205 conpendium
1008 2126 1095 2187 mort
1095 2123 1124 2186 is

74 2208 275 2271 eceleritate
257 2207 485 2290 equaesierit
532 2206 633 2274 Gaius
662 2207 812 2295 Caligula
839 2210 1029 2276 lrh1d1mbus
1057 2211 1124 2275 suis

110 2295 207 2358 etiam
234 2295 315 2360 illud
344 2297 472 2361 sceleris
502 2296 633 2382 adiecit,
604 2300 698 2362 tut
725 2320 860 2364 sorores
880 2321 957 2364 suas
983 2300 1125 2384 primum

111 2388 224 2468 stupro
256 2385 427 2470 pollueret,
459 2386 573 2451 deinde
605 2348 702 2453 ciuilio
735 2388 913 2454 damnaret.
962 2389 1018 2472 qui
1050 2391 1126 2472 post

112 2495 223 2538 omnes
248 2473 345 2540 simul
369 2475 478 2540 exules
501 2476 597 2541 iussit
620 2477 730 2544 occidi.
776 2478 846 2562 ipse
875 2480 984 2543 autem
1011 2500 1031 2541 a
1059 2477 1125 2563 suis
1140 2494 1165 2536 ιι

60 2574 94 2624 10
111 2564 351 2716 protectoribus
375 2564 500 2630 occisus
524 2569 582 2630 est
621 2566 683 2632 duo
707 2565 844 2631 libelli
833 2589 868 2630 m
891 2562 1031 2631 soleretis
1055 2586 1124 2630 erus
1143 2595 1165 2633 ι

111 2653 231 2751 reperti
262 2657 343 2717 sunt
343 2675 522 2755 ,quorum
552 2655 648 2720 alteri
679 2655 810 2740 pugio,
843 2654 937 2719 alteri
970 2654 1126 2738 gladius

110 2760 170 2818 pro
196 2741 290 2839 signo
313 2703 455 2806 ndminis
479 2742 677 2826 adscriptum
700 2745 784 2807 crat·
812 2743 908 2807 ambo
931 2741 1126 2806 lectissimo-

110 2847 183 2887 rum
206 2829 349 2892 uirorum
372 2829 541 2914 utriusque
565 2831 695 2913 ordinis,
718 2829 872 2893 senatorii
895 2832 928 2892 et
952 2830 1123 2929 equestris,

111 2913 244 2976 nomina
268 2918 300 2978 et
324 2919 420 2979 notas
444 2918 656 2982 continebant
677 2915 775 2981 morti
798 2915 1040 2981 destinatorum
1077 2917 1125 2980 in·
1139 2938 1166 2978 ac

111 3005 209 3065 uentu
233 3005 283 3064 cst
306 3005 339 3065 et
362 3023 437 3067 arca
455 3005 571 3089 ingens
594 3005 758 3069 uariorum
776 3025 985 3090 uenenorum,
1008 3005 1124 3109 quibus

113 3111 188 3154 mox
212 3087 346 3155 Claudio
370 3087 508 3155 Caesare
535 3093 668 3157 iubente
694 3092 847 3156 demersis
875 3093 996 3160 infecta
1023 3097 1127 3161 maria

112 3179 247 3244 tradunt
233 3184 286 3244 tur
307 3201 373 3244 non
397 3180 466 3243 sine
489 3201 607 3264 magno
626 3180 764 3282 piscium
782 3182 892 3270 exitio,
915 3206 997 3269 quos
1016 3208 1127 3251 eneca-

113 3273 164 3333 tos
188 3291 244 3352 per
267 3269 414 3353 proxima
437 3268 533 3333 litora
555 3270 679 3353 passim
703 3274 812 3336 aestus
836 3273 938 3339 eiecit

62 3368 92 3415 11
181 3357 337 3443 Magnum
366 3379 479 3423 reuera
508 3356 662 3423 indicium
692 3359 875 3426 miserentis
904 3362 965 3427 Dei
994 3365 1127 3445 propter
1140 3378 1167 3419 ιι

115 3447 306 3531 suffragium
326 3448 478 3533 gratiae
469 3470 504 3512 ιιι
526 3448 682 3532 populum
705 3449 861 3516 continuo
884 3472 924 3516 ex
945 3453 1037 3536 parte
1060 3472 1126 3515 cre-

114 3533 256 3598 diturum
281 3541 314 3601 et
335 3538 504 3622 propter
494 3558 562 3602 irae
590 3540 919 3622 temperamentum
909 3561 944 3604 ιιι
970 3540 1126 3622 populum
