2370 3960
332 191 528 242 rnvnasvn
545 191 711 242 proauos
729 192 769 242 vr
789 195 829 244 ra
851 195 892 245 19.
1064 190 1129 253 223

21 368 41 404 p,
56 351 97 391 raa
115 335 271 399 (lamento
302 337 532 418 assumptaque
562 338 654 399 ueste
683 334 788 417 pulla,
822 335 957 418 supplex
990 331 1130 399 lCaesari

114 424 221 488 factus
254 424 358 487 uitam
391 429 424 487 et
456 422 542 488 bona
573 423 774 506 impetrauit,
811 427 968 506 perpetuo
1002 424 1130 507 quidem

115 512 307 576 amendatus
331 511 437 575 exilio.
480 511 613 595 Taurus,
638 509 787 575 Caesaris
810 512 1003 595 praefectus,
1025 516 1131 577 totam

113 622 217 684 paene
242 598 385 664 Siciliam
413 600 499 664 ferro
523 603 774 683 pertemptatam
798 601 1073 684 conterritamque
1096 602 1130 664 in

89 689 213 752 sfidem
240 689 370 772 recepit.
416 688 632 773 quadraginta
660 693 692 752 et
720 691 874 772 quattuor
901 689 1044 773 legiones
1069 686 1164 753 sub3

114 778 209 841 unius
237 781 316 842 tunc
343 777 479 860 imperio
508 775 657 842 Caesaris
686 780 793 860 erant3
823 776 958 860 milites,
987 778 1133 840 multitu·

115 866 190 930 dine
213 866 397 950 ferociores,
421 864 578 948 quosdam
600 887 660 949 pro
684 865 877 949 accipiendis
901 866 988 949 agris
1013 866 1130 929 tumul-

114 959 167 1018 tus
197 955 431 1036 excitauerunt3
463 954 518 1017 sed
549 952 683 1037 Caesar,
714 955 822 1018 animo
852 955 981 1038 ingens,
1011 954 1130 1036 uiginti

115 1043 207 1108 milia
236 1043 375 1107 militum
408 1043 644 1125 exauctorauit,
676 1043 814 1127 triginta
843 1042 934 1106 milia
964 1064 1129 1106 seruorum

76 1148 101 1186 10
115 1130 256 1196 dominis
283 1131 440 1212 restituit,
469 1153 524 1194 sex
552 1131 655 1212 milia,
683 1152 818 1215 quorum
843 1131 964 1196 domini
987 1154 1053 1195 non
1077 1153 1129 1195 ex-

115 1220 263 1301 stabant,
290 1221 325 1283 in
354 1240 480 1284 crucem
508 1220 583 1303 egit.
630 1240 731 1284 ouans
760 1221 872 1283 urbem
899 1219 1064 1304 ingressus
1093 1223 1130 1284 ut
1171 1232 1175 1244 ’

115 1309 364 1392 inperpetuum
386 1307 579 1372 tribuniciae
597 1309 770 1392 potestatis
791 1312 886 1393 esset,
909 1331 927 1372 a
946 1313 1060 1372 senatu
1080 1309 1129 1372 de-

115 1400 238 1461 cretum
262 1401 321 1461 est.
367 1396 420 1460 his
444 1396 557 1460 diebus
581 1400 672 1461 trans
697 1396 840 1461 Tiberim
866 1419 882 1461 a
905 1397 1042 1461 taberna
1065 1419 1129 1460 me·

114 1485 231 1549 ritoria
258 1485 331 1550 fons
361 1485 424 1549 olei
451 1487 538 1548 terra
566 1485 741 1549 exundauit
765 1507 806 1550 ac
834 1507 893 1570 per
915 1489 1021 1550 totum
1046 1487 1130 1550 diem

75 1589 100 1629 15
114 1574 298 1659 largissimo
322 1574 392 1638 riuo
416 1573 517 1638 fluxit.

17 1691 40 1728 a.
56 1681 98 1718 333
126 1668 167 1717 rs
187 1659 357 1726 lAntonius
378 1683 455 1725 uero
478 1666 652 1745 postquam
666 1662 802 1725 Araxim
818 1663 1011 1744 transmisit,
1030 1664 1131 1726 omni·
1147 1669 1183 1723 19

115 1752 176 1815 bus
210 1749 352 1833 undique
388 1750 482 1814 malis
518 1750 770 1833 circumuentus,
804 1749 859 1814 uix
894 1750 1025 1813 tandem
1063 1749 1128 1814 An-

114 1839 273 1903 tiochiam
292 1861 365 1903 cum
384 1838 495 1923 paucis
509 1838 615 1902 rediit.
638 1859 714 1901 nam
730 1859 801 1902 cum
815 1836 1025 1901 multitudine
1044 1840 1130 1921 equi·

114 1932 185 1992 tum
217 1931 250 1991 et
278 1927 473 2012 sagittarum
503 1927 543 1991 ab
571 1927 722 1991 omnibus
750 1925 897 2009 proeliis,
927 1948 1009 2010 quac
1036 1926 1131 2008 plura

75 2033 101 2072 20
115 2017 303 2099 temptauit,
330 2015 436 2080 uictus
465 2036 592 2098 semper
618 2015 767 2099 effugerit
794 2018 865 2079 tum
893 2017 1061 2098 praeterea
1083 2016 1130 2078 in·

116 2104 212 2168 certis
241 2108 275 2168 et
301 2104 424 2188 ignotis
453 2105 595 2188 regionis
623 2103 704 2168 locis
732 2103 906 2187 impeditus
933 2104 1130 2188 grauissima

114 2193 201 2257 fame
231 2191 271 2256 ad
294 2192 452 2256 nefandos
477 2192 566 2256 cibos
589 2196 720 2256 coactus
744 2196 807 2277 est,
834 2192 967 2275 plurimi
990 2193 1130 2256 militum

116 2303 185 2345 sese
214 2281 365 2357 hostibus
395 2279 593 2345 dediderunt.
639 2280 714 2345 inde
743 2281 778 2344 in
806 2279 975 2345 Graeciam
999 2281 1165 2345 transiita

115 2369 274 2453 iussitque
297 2368 505 2452 Pompeium,
533 2369 588 2452 qui
614 2369 721 2434 uictus
746 2392 765 2433 a
789 2367 927 2434 Caesare
955 2369 1130 2434 exercitum

76 2474 101 2513 2⁵
115 2458 301 2559 bellumque
323 2458 508 2558 reparabat,
531 2479 604 2521 oum
626 2458 738 2540 paucis
762 2457 802 2521 ad
826 2477 860 2520 se
883 2457 1003 2521 uenire
1036 2456 1129 2521 Pom-

115 2546 208 2629 peius
235 2547 363 2630 fugiens
392 2567 411 2608 a
438 2545 502 2609 Tit
478 2548 524 2610 t10
554 2550 587 2609 et
573 2544 736 2611 tFurnio
765 2545 961 2609 Antonianis
995 2545 1129 2608 ducibus

116 2656 213 2718 saepe
231 2633 379 2698 terrestri
397 2633 570 2717 naualique
590 2633 675 2698 bello
695 2634 798 2698 uictus
818 2636 851 2697 et
869 2636 983 2715 captus
1004 2654 1041 2696 ac
1054 2638 1130 2735 post

115 2722 285 2805 paululum
303 2721 494 2786 interiectus
514 2726 573 2786 est
606 2720 726 2786 Caesar
744 2721 912 2804 Illyricum
926 2715 1129 2786 Pannoniam
1149 2734 1164 2781 3

115 2833 174 2895 par
176 2815 359 2896 ttemque
327 2809 443 2874 Italiae
466 2810 562 2875 bellis
586 2811 716 2895 subegit
739 2832 777 2874 ac
800 2810 939 2892 domuit,
966 2810 1130 2876 Antonius

76 2916 102 2955 33
116 2897 309 2963 Artabanen
332 2899 505 2962 Armeniae
528 2919 639 2984 regem
664 2898 848 2983 proditone
873 2903 906 2964 et
891 2859 1002 2964 tdolo
1030 2900 1130 2983 cepit.
1103 2903 1130 2962 t·

116 3009 210 3071 quem
230 2990 345 3072 argent
346 3009 385 3052 ea
399 3008 435 3051 ca
437 2992 513 3052 tana
531 2987 678 3052 uinctum
692 2988 732 3052 ad
747 2987 982 3053 confessionem
1000 2987 1130 3052 thesau-

116 3097 226 3140 rorum
250 3077 414 3160 regiorum
439 3076 561 3160 coegit,
584 3080 832 3162 expugnatoque
856 3075 1017 3178 oppido,
1008 3097 1129 3175 inquo

117 3165 226 3229 condit
212 3168 265 3230 tos
284 3185 355 3228 esse
373 3125 571 3248 prodiderat,
589 3185 745 3266 magnam
763 3166 831 3229 uim
850 3165 921 3228 auri
939 3163 1128 3246 argentique

116 3253 262 3317 abstulit.
309 3274 374 3337 qua
401 3253 506 3317 elatus
533 3253 670 3354 pecunia
697 3252 881 3317 denuntiari
904 3251 1024 3315 bellum
1048 3251 1164 3314 caea

76 3359 102 3397 33
90 3341 181 3405 asari
205 3345 303 3425 atque
322 3340 486 3426 Octauiae,
509 3340 612 3406 sorori
631 3338 787 3424 Caesaris,
811 3341 903 3403 uxori
926 3359 1012 3420 suae,
1036 3359 1130 3420 repu-

18 3448 96 3495 333
116 3429 206 3494 dium
234 3429 373 3494 indici
362 3429 458 3494 1ussit
481 3433 515 3494 et
538 3426 757 3532 Cleopatram
785 3428 847 3492 sibi
870 3449 909 3490 ex
931 3425 1130 3490 Alexandria

115 3539 283 3584 occurrere
314 3517 497 3603 imperauit.
542 3517 612 3601 ipse
639 3518 714 3583 Act
689 3521 771 3583 tium
803 3515 859 3580 ubi
887 3516 1024 3580 classem
1057 3537 1130 3580 con·
1149 3525 1164 3574 5
