2370 3960
100 170 143 233 80
339 171 448 223 PAVLI
467 170 592 222 OROSII
608 170 858 221 HISTORIARVM

31 362 37 372 .
95 317 241 399 gentium
265 315 419 380 barbaria
436 313 586 379 Persicae
609 309 817 398 expelditioni
839 314 875 378 in
897 311 1010 377 Asiam
1033 314 1173 378 mis-al

59 415 76 462 4
96 426 188 467 surus
203 404 366 468 instruxit.
389 408 455 468 tras
470 403 576 488 duces,
589 404 651 469 hoc
665 407 715 467 est
728 402 976 467 Parmenionem
990 400 1110 486 Amyn·
1141 454 1144 459 .

94 496 161 555 tam
181 497 213 556 et
228 493 387 577 Attalum,
406 492 660 576 praemittendos
679 492 714 555 in
726 491 844 555 Persas
863 491 952 575 legit.
980 495 1014 556 et
1033 490 1109 555 dum

95 583 334 665 suprascriptae
349 583 462 665 copiae
476 581 515 645 de
525 580 660 645 Graecia
674 584 920 665 congregantur,
934 579 1110 644 Alexandri

95 705 138 716 -
162 672 217 754 qui
245 675 316 735 erat
339 670 544 755 Olympiadis
571 669 681 735 uxoris
710 690 787 733 suae
813 669 915 733 frater
937 671 971 731 et
993 673 1110 753 posta
1138 687 1152 729 5

96 755 225 824 Sabinis
249 760 284 823 in
305 758 450 824 Lucania
472 762 655 841 prostratus
679 761 730 822 est
754 795 805 840 -‚
828 779 923 842 quem
945 756 1040 840 Epiri
1062 779 1109 822 re·

95 867 170 930 gem
199 849 240 914 ob
269 848 448 912 mercedem
474 847 579 930 stupri
601 847 636 910 in
659 869 731 911 eum
755 846 932 929 perpetrati
955 846 1111 912 eonstitu-

96 941 174 1019 erat,
197 937 330 1021 nuptias
354 939 388 1001 in
413 936 594 1020 copulando
619 936 649 1000 ei
671 935 773 999 filiam
799 957 891 1000 suam
905 932 1111 1018 Cleopatram

60 1027 257 1090 caelebrare
285 1025 435 1090 decreuit.
482 1026 537 1108 qui
566 1045 639 1090 cum
662 1023 767 1107 pridie
791 1045 888 1108 quam
912 1023 1112 1090 occideretur

96 1113 317 1197 interrogatus
349 1114 479 1196 fuisset,
516 1112 588 1197 quis
622 1113 694 1177 finis
729 1111 869 1178 homini·
888 1111 993 1196 magis
1026 1117 1151 1179 esset10

96 1203 271 1284 optandus,
298 1201 503 1284 respondisse
525 1201 642 1284 fertur,
667 1222 740 1264 eum
763 1222 835 1265 esse
858 1201 1032 1285 optimum,
1056 1203 1119 1286 qni·

96 1290 166 1352 uiro
181 1290 257 1353 forti
271 1293 347 1370 post
361 1288 519 1351 uirtutum
534 1310 667 1352 suarum
682 1288 802 1372 glorias
818 1289 853 1353 in
866 1311 945 1372 paee
958 1291 1112 1373 regnanti

97 1376 165 1440 sine
194 1376 434 1441 conflictatione
458 1376 602 1460 corporis
625 1381 659 1440 et
681 1377 836 1442 dedecore
860 1377 961 1441 animi
985 1378 1112 1444 subitus

97 1468 130 1527 et
157 1465 242 1529 celer
270 1464 439 1546 inopinato
467 1464 552 1528 ferro
575 1465 738 1548 potuisset
761 1466 917 1531 accidere:
940 1465 1026 1550 quod
1049 1468 1112 1552 ipsi

61 1562 172 1616 tmox
202 1552 329 1635 obtigit.
375 1573 434 1617 nec
465 1552 507 1616 ab
536 1553 629 1617 iratis
658 1554 720 1638 dis,
753 1576 833 1638 quos
861 1556 956 1639 parui
985 1577 1111 1640 semper
1125 1573 1149 1614 1⁵

96 1641 252 1724 penderat
275 1663 475 1725 quorumque
499 1663 572 1706 aras
590 1643 714 1726 templa
734 1647 767 1706 et
786 1644 959 1707 simulacra
977 1645 1111 1709 subuer-

96 1733 190 1812 terat,
214 1729 291 1813 quin
314 1730 543 1794 electissimam
567 1734 603 1794 ut
625 1730 689 1814 ipsi
711 1731 883 1796 uidebatur
901 1736 1039 1796 mortem
1058 1734 1113 1798 ad·

64 1818 302 1902 ripisceretur,
330 1819 439 1901 potuit
460 1819 609 1901 inpediri.
654 1840 730 1882 narn
754 1819 805 1883 die
828 1821 1016 1904 nuptiarum
1040 1834 1113 1886 cum

98 1907 137 1969 ad
165 1907 258 1970 ludos
286 1907 456 1990 magnifice
485 1911 659 1990 apparatos
686 1908 772 1971 inter
800 1908 881 1973 duos
909 1908 1112 1976 Alexandros

96 1994 198 2056 filium
223 2015 438 2078 generumque
463 1995 680 2078 contenderet,
703 2017 723 2058 a
741 1994 904 2060 Pausania
921 1998 1024 2063 nobili
1043 1997 1113 2064 Ma·
1126 2015 1151 2055 2⁰

97 2082 252 2145 oedonum
277 2082 481 2147 adulescente
503 2083 537 2146 in
562 2083 723 2165 angustiis
748 2083 817 2147 sine
840 2084 1028 2150 custodibus
1052 2088 1113 2152 cir-

100 2173 289 2234 cumuentus
314 2171 438 2236 occisus
462 2175 520 2236 est.
619 2217 622 2223 ·

61 2266 77 2316 8
165 2258 330 2324 Adserant
366 2281 452 2323 nunc
488 2259 663 2342 multisque
698 2258 778 2323 haec
811 2261 947 2326 uocibus
980 2263 1139 2329 efferant·

99 2349 190 2432 quasi
216 2348 360 2412 uirorum
384 2348 517 2412 fortium
541 2347 653 2411 laudes
677 2352 711 2411 et
732 2348 821 2412 facta
844 2349 965 2433 felicia,
994 2353 1112 2436 quibus

99 2438 321 2502 amarissimae
347 2437 483 2501 aliorum
508 2436 710 2501 calamitates
733 2436 766 2500 in
787 2437 896 2503 dulces
915 2439 1045 2505 fabulas
1065 2463 1112 2506 ee·
1127 2455 1152 2496 2⁵

99 2526 188 2609 dunt,
207 2527 234 2590 si
248 2530 359 2591 tamen
373 2547 551 2610 numquam
565 2525 628 2608 ipsi
641 2525 785 2610 iniurias,
804 2527 922 2610 quibus
937 2528 1112 2612 aliquando

65 2618 272 2696 tuerentur,
299 2616 405 2679 relatu
432 2615 577 2680 tristiore
601 2614 779 2697 deplorant
825 2616 854 2678 si
877 2636 954 2678 uero
978 2616 1017 2679 de
1040 2639 1114 2698 pro-

59 2772 62 2777 ·
98 2701 178 2781 priis
203 2702 413 2782 querimoniis
438 2706 565 2766 tantum
585 2702 668 2764 alios
688 2701 854 2764 audientes
875 2701 968 2764 adfici
987 2703 1112 2785 uolunt,

98 2790 254 2869 quantum
287 2789 349 2869 ipsi
382 2789 592 2870 perpetiendo
621 2791 803 2868 senserunt,
835 2786 925 2867 prius
954 2786 1015 2868 ipsi
1044 2808 1111 2852 non

97 2874 321 2956 praesentibus
348 2874 524 2956 praeterita
548 2875 602 2936 aed
625 2871 727 2955 gestis
751 2869 1175 2955 gestaconlparentetr.1

97 2966 233 3044 utraque
266 2981 304 3023 ex
337 2961 449 3024 auditu
481 2960 571 3024 uelut
603 2959 783 3024 alienorum
816 2958 930 3022 arbitri
959 2959 1109 3026 iudicent.
1125 2981 1151 3019 ar

47 3060 79 3111 10
97 3072 154 3133 per
181 3048 299 3132 uiginti
328 3052 361 3111 et
386 3048 527 3131 quinque
551 3068 652 3111 annos
676 3045 826 3109 incendia
849 3046 1031 3131 ciuitatum,
1059 3070 1111 3112 ex-

99 3139 183 3203 cidia
204 3137 376 3219 bellorum,
400 3136 613 3200 subiectiones
636 3133 891 3217 prouinciarum,
915 3135 1029 3199 caedes
1053 3135 1109 3200 ho-

102 3228 240 3310 minum,
267 3247 366 3309 opum
389 3225 535 3308 rapinas,
558 3223 694 3307 praedas
717 3242 884 3305 pecorum,
906 3226 1108 3289 mortuorum

101 3316 303 3380 uenditiones
327 3313 595 3397 captiuitatesque
619 3311 768 3375 uiuorum
791 3309 887 3375 unius
911 3309 997 3395 mgis
1019 3309 1109 3375 fraus
1123 3330 1150 3371 aa

46 3407 82 3463 15
101 3404 221 3469 ferocia
255 3408 288 3468 et
328 3403 510 3467 dominatus
548 3398 694 3485 agitauit.
747 3396 930 3463 sullioorout
967 3396 1029 3461 ista
1068 3400 1109 3464 ad

99 3494 281 3576 exemplum
297 3493 499 3557 miseriarum
514 3488 678 3555 insinuata
688 3484 863 3551 memoriae
873 3486 1006 3555 ruristrao
1015 3491 1109 3568 gesta
