2400 3938
242 125 245 128 ,
324 85 521 138 rnvnasvu
538 86 702 138 enerues
720 87 774 138 vu
792 89 835 140 ιι.
854 90 897 139 ιι.
1042 83 1109 150 283

99 228 256 294 Gratiano
287 228 418 293 uiuente
448 231 628 314 regnasset.
672 228 782 313 itaque
810 229 904 294 iustis
933 232 1144 296 necessari-2

98 319 188 402 isque
212 317 316 382 causis
339 317 380 381 ad
403 317 525 382 bellum
544 317 639 382 ciuile
657 322 831 419 permotus,
853 339 927 382 cum
945 340 962 383 e
981 319 1107 384 duobus

98 406 239 491 August'
229 428 257 470 rs
214 405 433 471 tfratribus
453 410 486 470 et
504 406 661 472 ult't1onem
679 405 775 470 unius
793 405 955 472 interfecti
974 408 1107 493 sanguis

98 495 289 580 exigerete
272 494 574 559 etrestitutionem
611 494 742 558 miseria
779 494 909 559 alterius
946 497 1107 563 exulantis

56 600 70 640 ι
98 586 216 666 oraret,
244 583 355 667 posuit
382 583 416 646 in
444 581 513 648 Deo
545 604 636 667 spem
666 604 758 646 suam
789 603 923 667 seseque
954 584 1106 650 aduersus

95 634 272 736 Maxinium
301 675 478 754 tyrannum
508 671 578 736 sole
607 671 670 735 fide
700 671 804 736 maior
832 705 875 717 -
903 692 980 736 nam
1009 672 1106 758 longe

96 761 202 825 minor
225 759 378 823 uniuersa
401 764 576 842 apparatus
599 758 707 824 bellici
726 760 955 843 conparatione
976 796 1015 806 —
1034 783 1106 844 pro-

95 847 205 930 ripuit.
228 847 398 930 Aquileiae
411 850 488 911 tunc
501 847 663 912 Maximus
677 847 836 912 uictoriae
851 869 927 912 suae
942 852 1107 931 spectator
1125 863 1141 913 3

95 934 266 999 insederat.
303 935 547 1020 Andragathius
565 957 672 1000 comes
692 936 760 1000 cius
780 958 939 1001 summam
960 937 1036 1001 belli
1056 937 1108 1001 ad·

56 1041 82 1080 10
97 1023 317 1088 ministrabat.
310 1047 317 1062 ·
290 1024 392 1107 tqui
410 1045 482 1088 cnm
501 1024 696 1110 largissimis
715 1024 855 1090 militum
874 1024 976 1108 copiis
989 1026 1108 1108 ipsam-

97 1134 158 1198 que
182 1132 374 1196 magnarum
388 1111 553 1197 copiarum
566 1112 792 1178 fortitudinem
805 1114 1020 1197 praecellente
1034 1135 1108 1179 con-

97 1202 169 1265 silio
198 1222 308 1265 omnes
334 1200 566 1266 incredibiliter
589 1201 720 1285 Alpium
745 1223 782 1266 ac
805 1201 976 1266 fluminum
1000 1203 1107 1267 aditus

96 1290 340 1373 communisset
312 1289 525 1355 tineffabili
554 1289 672 1355 iudicio
703 1280 776 1373 Dei,
807 1291 883 1356 dnm
913 1291 1024 1355 nauali
1055 1312 1107 1355 ex·

96 1378 258 1461 peditione
271 1379 438 1444 incautum
451 1378 580 1444 hostem
594 1380 784 1461 praeuenire
799 1381 833 1443 et
847 1380 982 1444 obruere
1001 1383 1106 1464 parat,

56 1482 81 1522 1⁵
97 1469 213 1550 sponte
180 1466 349 1531 teedem
372 1488 454 1549 quae
478 1466 684 1530 obstruxerat
707 1467 851 1531 claustra
873 1467 1021 1533 deseruit
1040 1468 1106 1533 ιιι
1125 1483 1142 1530 4

95 1554 296 1620 Theodosius
310 1555 439 1619 nemine
459 1553 627 1638 sentiente,
644 1557 763 1618 utnon
777 1554 882 1619 dicam
895 1559 1106 1640 repugnante,

96 1665 216 1708 uacuas
243 1642 426 1707 transmisit
454 1641 553 1727 Alpes
581 1665 601 1706 a
602 1644 679 1727 tque
708 1642 893 1727 Aquileiam
920 1643 1106 1726 inprouisus

10 1763 22 1789 ι.
38 1749 79 1790 ιιι
98 1729 281 1797 adlueniens
308 1730 439 1795 hostem
461 1730 554 1794 illum
577 1750 745 1815 magnum,
772 1730 960 1814 Maximum,
983 1734 1107 1796 trucem

95 1824 128 1885 et
151 1820 225 1885 ab
216 1819 449 1884 inmanissimis
470 1839 599 1903 quoque
618 1819 853 1884 Germanorum
877 1781 1028 1904 gentibus
1052 1821 1107 1884 tri·

55 1928 81 1967 ιο
95 1910 174 1973 buta
207 1931 244 1973 ec
276 1903 437 1992 stipendia
474 1908 544 1973 solo
580 1910 704 1973 terrore
740 1907 883 1973 nominis
917 1907 1107 1993 exigentem,

96 1998 165 2062 sine
196 1997 270 2062 dolo
301 2001 334 2062 et
365 1996 434 2061 sine
464 1996 686 2061 controuersia
716 1997 834 2062 clausit
863 1996 950 2097 cepit
980 1996 1106 2062 occidit.

94 2084 225 2151 Valent
200 2085 343 2151 tmianus
379 2088 510 2168 recepto
547 2083 662 2150 Italiae
702 2086 826 2169 potitus
868 2085 1006 2170 imperio
1049 2088 1143 2150 este

96 2174 339 2258 Andragathius
362 2194 471 2238 comes
495 2174 626 2258 cognita
644 2173 778 2238 Maximi
796 2195 873 2238 nece
895 2174 1108 2258 praecipitem

97 2282 166 2324 sese
181 2282 198 2324 e
212 2261 290 2324 naui
302 2261 338 2324 in
351 2260 455 2324 undas
469 2259 609 2326 deditae
623 2260 800 2326 suffocatus
815 2266 873 2326 est.
907 2262 1107 2327 Theodosius

56 2365 82 2406 ιι
97 2348 297 2412 incruentam
319 2348 491 2412 uictoriam
512 2347 583 2412 Deo
607 2352 800 2432 procurante
823 2350 974 2432 suscepit.

164 2435 247 2500 ιιοιι
278 2434 410 2520 regibus
442 2437 475 2500 et
506 2436 707 2520 temporibus
740 2434 934 2501 Christianis
967 2437 1141 2520 qualitert

97 2524 186 2590 bella
213 2524 335 2609 ciuilia,
362 2544 435 2588 eum
465 2523 562 2588 uitari
584 2528 760 2608 nequeunt,
787 2525 1021 2609 transiguntur.
1067 2526 1107 2589 ad

97 2612 267 2678 uictoriam
287 2614 479 2698 peruentum
498 2615 556 2696 est,
578 2612 709 2696 inrupta
727 2616 777 2677 est
796 2613 919 2697 ciuitas,
943 2617 1107 2697 correptus

97 2706 265 2786 tyrannus.
310 2704 343 2766 et
328 2700 432 2766 thoe
459 2722 575 2803 parum
599 2703 657 2767 est.
702 2722 774 2767 ecce
797 2705 890 2786 parte
914 2701 979 2766 alia
1001 2703 1107 2767 uictus

57 2811 84 2852 so
97 2791 228 2856 hostilis
243 2791 363 2856 exercit
364 2812 401 2854 us
417 2789 602 2874 etqne1pso
616 2793 756 2874 tyranno
771 2791 986 2856 truculentior
1000 2813 1106 2856 comes

49 2880 230 2964 tyranni
244 2879 286 2945 ad
300 2882 437 2944 mortem
451 2882 544 2944 coact
546 2882 668 2964 us,tan
669 2882 722 2944 tae
669 2879 879 2946 tdissolut
865 2885 917 2946 tae
936 2881 1108 2964 elusaeque

97 2968 243 3053 insidiae,
255 2968 339 3033 tant
314 2972 341 3033 ιι
355 2972 542 3069 apparatus·
546 2968 704 3033 exinaniti
718 2973 809 3034 sunt:
828 2971 986 3034 ettamen
1000 2968 1143 3042 nullusr

98 3058 190 3123 dolos
214 3058 342 3140 struxit,
319 3057 472 3120 tnullus
495 3057 597 3122 aciem
616 3055 785 3160 disposuit,
808 3060 974 3139 postremo
992 3055 1111 3137 nullus,

99 3146 128 3211 si
157 3145 219 3211 dici
246 3145 337 3229 licet,
365 3144 509 3246 gladium
537 3145 576 3208 de
603 3147 726 3230 uagina
753 3144 877 3209 extulit.
924 3141 1111 3209 formidulo

59 3251 86 3294 ιι
100 3234 265 3299 sissimum
295 3232 416 3298 bellum
447 3233 517 3297 sine
547 3234 704 3318 sanguine
734 3253 836 3315 usque
870 3232 911 3296 ad
940 3231 1111 3296 uictoriam

99 3323 166 3390 et
156 3344 192 3389 ιιι
221 3321 359 3387 uictoria
387 3320 524 3386 duorum
551 3323 656 3385 morte
684 3319 944 3384 confectumt
896 3323 952 3384 est.
998 3322 1043 3401 et,
1072 3328 1147 3384 nes

99 3410 164 3477 hoe
185 3410 252 3496 qni·
381 3407 605 3475 manicatum
627 3411 730 3498 putet,
752 3430 816 3491 quo
840 3408 944 3494 magis
962 3408 1110 3491 potentia
