2370 3960
94 182 161 247 292
341 182 450 233 ravin
468 181 593 232 oaosn
611 177 864 231 mercenarie

94 328 174 392 haee
204 328 371 390 tantorum
400 324 557 388 scelerum
588 343 706 388 scaena
735 319 903 405 patefacta
935 323 1000 406 est,
1030 341 1103 386 eom·

95 420 185 480 moto
214 412 393 477 iustissime
422 413 566 477 exercitu
594 411 719 477 occisas
748 412 798 474 est
827 407 959 494 Stilico,
992 410 1048 494 qui
1075 411 1105 472 nt
1153 456 1156 461 -

95 525 196 567 unum
215 522 352 584 puerum
369 523 514 585 purpura
532 501 689 583 indueret,
707 498 811 564 totius
831 498 963 583 generis
982 496 1106 564 humani

62 607 77 653 o
98 591 290 675 sanguinem
314 589 453 675 dedidit;
481 589 604 655 occisus
627 586 819 672 Eucherius,
841 586 899 670 qui
922 586 966 652 ad
989 586 1107 653 concili·

97 680 216 743 andum
245 680 309 744 sibi
336 677 483 744 fauorem
509 697 715 762 paganorum
742 674 954 740 restitutione
980 676 1131 761 templo-⁵

95 791 168 832 rum
201 772 234 832 et
273 768 440 833 euersione
478 767 688 832 ecclesiarum
723 764 916 828 inbuturum
954 785 990 829 se
1024 763 1108 849 regni

96 857 272 941 primordia
302 856 503 935 minabatur,
532 853 691 939 paucique
721 874 794 917 eum
823 851 930 919 isdem
959 853 1107 918 satellites

96 950 262 1011 tantarum
286 946 491 1010 molitionum
513 943 622 1029 puniti
640 945 726 1009 sunt.
761 941 810 1006 ita
827 940 967 1006 minimo
985 941 1107 1028 negotio

98 1057 338 1119 paucorumque
367 1054 474 1119 poena
496 1033 650 1098 ecclesiae
673 1027 798 1096 Christi
822 1051 897 1095 cum
919 1031 1107 1114 imperatore

98 1124 251 1207 religioso
276 1128 309 1187 et
331 1123 487 1187 liberatae
510 1123 643 1187 suntet
665 1119 860 1184 uindicatae.
1116 1131 1134 1172 1⁰

63 1226 78 1273 a
164 1211 278 1294 Itaque
304 1211 487 1294 posthaec
515 1212 609 1274 tanta
637 1210 816 1292 augmenta
838 1207 1107 1292 blasphemiarum

98 1299 283 1381 nullamque
313 1297 550 1381 paenitentiam
580 1297 698 1362 ultima
727 1297 787 1361 illa
813 1295 933 1379 diuque
961 1315 1107 1381 suspense

47 1396 84 1449 89
99 1386 210 1449 urbem
238 1407 345 1469 poena
373 1386 589 1469 consequitur.
636 1381 737 1451 ladest
764 1384 926 1470 Alaricus,
952 1384 1166 1471 trepidamus

97 1474 234 1538 Romam
267 1474 395 1539 obsidet
431 1475 545 1539 turbat
578 1474 750 1558 inrumpit,
782 1473 860 1539 dato
888 1476 1004 1539 tamen
1025 1494 1108 1558 prae·
1158 1540 1162 1549 ,

98 1566 191 1645 cepto
222 1563 327 1647 prius,
359 1566 397 1628 ut
427 1563 456 1628 si
486 1563 541 1648 qui
571 1563 607 1627 in
637 1566 748 1628 sancta
777 1562 851 1628 loca
880 1563 1108 1647 praecipueque
1118 1571 1136 1615 1⁵

97 1652 132 1714 in
166 1655 352 1717 sanctorum
386 1653 610 1736 apostolorum
642 1651 733 1716 Petri
765 1655 799 1716 et
830 1650 926 1715 Pauli
963 1640 1133 1718 basilicas‘

98 1741 338 1825 confugissent,
366 1742 427 1806 hos
451 1741 603 1825 inprimis
626 1741 804 1805 inuiolatos
828 1761 1024 1826 securosque
1046 1759 1109 1806 esse

99 1829 256 1913 sinerent,
292 1834 364 1894 tum
397 1830 512 1894 deinde
542 1831 579 1894 in
612 1832 768 1913 quantum
803 1831 941 1911 possent
976 1829 1109 1914 praedae

63 1919 262 1982 ainhiantes
295 1940 315 1982 a
348 1918 507 2001 sanguine
543 1920 771 2000 temperarent.
827 1915 944 1982 accidit
980 1938 1111 2004 quoque,
1177 1954 1179 1999 3

99 2029 162 2090 quo
191 2005 295 2089 magis
324 2006 382 2069 illa
408 2005 499 2070 urbis
528 2005 671 2090 inruptio
698 2005 924 2089 indignatione
952 2003 1016 2071 Dei
1045 2008 1140 2073 actm⁰

100 2116 197 2176 quam
225 2092 331 2156 hostis
359 2093 552 2157 fortitudine
580 2094 788 2178 probaretur,
816 2096 853 2158 ut
879 2094 997 2160 beatus
1020 2095 1111 2160 Inno-

98 2182 237 2263 centius,
269 2178 438 2246 Romanae
470 2181 560 2246 urbis
593 2182 777 2267 episcopus,
809 2185 979 2266 tamquam
1010 2184 1113 2250 iustus

97 2267 182 2332 Loth
215 2268 401 2334 subtractus
431 2293 451 2335 a
481 2268 631 2335 Sodomis
664 2271 790 2336 occulta
821 2271 1030 2355 prouidentia
1057 2271 1114 2353 Dei

103 2358 188 2441 apud
215 2358 406 2424 Rauennam
434 2363 511 2425 tunc
539 2360 679 2444 positus,
706 2361 885 2444 peccatoris
913 2362 1030 2444 populi
1052 2382 1116 2428 non

67 2466 83 2513 3
102 2448 228 2513 uideret
251 2448 420 2515 excidium.
467 2449 720 2529 discurrentibus
743 2471 802 2532 per
824 2449 939 2513 urbem
967 2449 1146 2524 bahanes

100 2538 187 2604 forte
217 2561 300 2605 unus
324 2537 507 2605 Gothorum
534 2539 683 2625 idemque
710 2542 826 2623 potens
854 2541 888 2602 et
910 2535 1117 2605 Christianus

102 2650 228 2692 sacram
253 2626 323 2693 Deo
347 2629 510 2714 uirginem
533 2629 600 2694 iam
623 2633 729 2696 aetate
752 2629 955 2712 prouectum,
981 2627 1018 2691 in
1042 2650 1117 2713 qua·

102 2713 176 2777 dam
201 2716 421 2781 ecelesiastica
444 2718 540 2783 domo
564 2719 692 2803 reperit,
715 2738 851 2801 eumque
875 2716 917 2781 ab
941 2737 980 2780 ea
1002 2739 1117 2782 aurum

65 2807 82 2853 4
102 2805 335 2884 argentumque
358 2803 495 2869 honeste
519 2809 721 2888 exposceret,
743 2806 801 2869 illa
823 2805 909 2869 fideli
933 2806 1117 2870 constantia

101 2907 171 2948 esse
196 2888 281 2968 apud
302 2909 335 2952 se
353 2890 530 2969 plurimum
549 2895 582 2955 et
600 2913 676 2958 mox
694 2893 923 2975 proferendum
942 2894 1153 2979 spopondieo

102 2995 139 3038 ae
169 2974 320 3058 protulit,
347 2995 486 3059 cumque
514 2980 670 3060 expositis
699 2979 815 3062 opibus
845 2983 1023 3056 attonitum
1046 2984 1117 3050 bar-

101 3064 216 3129 barum
228 3062 451 3148 magnitudine
460 3064 603 3146 pondere
619 3062 878 3152 *pulchritudine
893 3070 1008 3154 ignota
1017 3073 1118 3138 etiam
1132 3096 1153 3137 n
1163 3081 1179 3125 ⁵²

103 3175 258 3218 uasorum
282 3151 437 3237 qualitate
460 3152 678 3236 intellegeret,
707 3153 802 3239 uirgo
826 3154 948 3223 Christi
975 3159 1017 3224 ad
1045 3162 1117 3226 bar·

71 3249 87 3296 ὅ
107 3243 223 3308 barum
241 3242 301 3308 ait:
323 3243 418 3306 haee
435 3239 542 3305 Petri
565 3242 738 3322 apostoli
762 3266 871 3310 sacra
893 3247 1119 3316 ministeria

104 3336 200 3398 sunt.
246 3352 460 3416 praesume,
489 3329 522 3394 si
546 3327 678 3413 audes,
702 3330 745 3395 de
769 3331 874 3397 facto
897 3337 937 3397 tu
960 3337 1155 3405 uideris.⁸⁵

104 3441 173 3503 ego
199 3422 290 3505 quia
314 3420 518 3488 defendere
545 3437 706 3504 nequeo,
732 3423 864 3484 tenere
886 3441 962 3485 non
985 3426 1117 3493 audeo.

68 3505 260 3575 ebarharus
291 3533 369 3578 uero
399 3510 440 3576 ad
467 3506 681 3576 reuerentiam
710 3507 878 3592 religionis
906 3507 1022 3571 timore
1053 3513 1117 3580 Dei
