2370 3960
116 189 143 239 X
515 187 717 240 PRAEFATIO

118 337 278 412 propterea
311 335 391 412 quod
423 333 547 396 Orosius
579 335 649 396 inde
680 355 698 396 a
730 355 792 412 cap.
822 338 841 396 8
874 339 1048 397 constanter
1080 337 1136 397 hoc

116 425 218 502 potius
238 441 310 484 usus
331 427 378 483 est
396 426 428 483 et
446 425 581 484 codicum
599 425 653 485 illa
672 424 820 500 scriptura
838 423 925 485 facile
944 429 1045 502 potest
1063 430 1137 486 nata

117 532 183 573 esse
198 532 234 572 ex
248 514 312 581 hac,
334 513 360 572 si
376 531 412 572 ea
425 513 574 573 uocabula
587 513 697 573 litteris
714 512 881 573 initialibus
899 517 1022 574 exarata
1036 519 1136 593 erent3

116 602 147 660 id
169 602 248 680 quod
270 601 403 662 indicare
426 601 548 661 uidetur
570 602 705 662 codicum
728 602 880 662 dissensus
904 605 1001 678 cap8
1021 600 1040 678 5
1062 607 1089 661 1.

183 691 238 750 15
267 688 326 766 §7
354 708 412 765 rer
439 687 618 766 opperirer]
656 691 777 751 restitui
809 691 943 751 codicum
973 692 1135 751 lectionem

118 780 237 840 omnino
256 798 375 857 ueram;
397 779 430 839 in
448 779 494 840 ed.
514 782 531 839 1
558 779 735 856 scripseram
751 784 968 854 peropportune
986 798 1055 839 cum
1073 780 1135 839 edi·

118 869 234 928 toribus
257 869 417 944 prioribus.
1100 939 1102 941 ¹

183 957 237 1018 15
262 954 464 1032 §8rrraseaii
487 958 517 1016 et
540 976 567 1032 q.
582 975 605 1018 s.
628 957 759 1033 repetita
778 960 849 1018 sunt
866 977 903 1019 ex
920 957 1009 1017 Pauli
1031 976 1075 1032 ep.
1097 958 1134 1016 ad

116 1046 199 1105 Rom.
222 1049 250 1122 1,
265 1049 316 1107 27.
923 1087 926 1093 ·

183 1135 199 1192 Ι
215 1136 232 1194 5
258 1131 278 1208 ξ
295 1135 334 1192 11
350 1130 632 1209 misericordiarum]
646 1135 665 1193 i.
681 1153 706 1194 e.
721 1134 838 1195 fructus
853 1153 927 1212 quos
940 1134 988 1194 illi
1001 1135 1136 1195 homines
1176 1154 1179 1160 ·

117 1222 267 1282 debebant
285 1222 408 1281 Domini
430 1221 653 1283 misericordiis.
690 1222 832 1282 Veterem
855 1224 932 1283 hanc
955 1224 1137 1283 emendatio-

116 1329 186 1370 nem
209 1311 287 1388 eius,
319 1310 399 1386 quod
423 1311 569 1370 traditum
592 1313 640 1370 est
663 1303 890 1392 (misriorrrre),
918 1312 1039 1387 probari
1062 1314 1136 1388 puto

115 1399 181 1458 loco
210 1398 302 1459 simili
330 1399 368 1458 ad
392 1398 521 1459 Sodoma
537 1399 714 1475 pertinenti
741 1402 773 1458 et
798 1399 877 1476 ipsc,
906 1419 994 1476 quem
1016 1401 1138 1477 repperi

115 1488 148 1546 in
162 1506 267 1547 comm.
282 1488 313 1546 in
331 1488 438 1564 proph.
452 1487 546 1548 Amos
561 1488 591 1566 4,
608 1492 646 1547 11
669 1479 779 1568 (Rufio.
795 1489 839 1547 ed.
854 1489 956 1565 Migne
975 1509 1002 1565 p.
1021 1481 1137 1570 1073):

118 1577 200 1636 Terre
218 1578 359 1650 irrieiieqet
375 1578 591 1638 misericordias
607 1577 736 1637 Dorrirri.
769 1576 933 1637 Auctorem
951 1580 1053 1636 autem
1071 1578 1137 1637 eius

116 1665 324 1725 commentarii
340 1665 511 1726 Vallarsius
524 1665 666 1725 Paullum
680 1665 821 1726 Orosium
834 1668 972 1727 nostrum
987 1685 1054 1726 esse
1069 1685 1137 1726 con-

116 1754 196 1832 iecit,
210 1757 314 1814 utrum
327 1755 525 1831 probabiliter
538 1774 639 1832 necne,
653 1775 713 1816 non
727 1756 816 1817 huius
830 1757 889 1817 loci
903 1758 950 1816 est
964 1754 1135 1816 diiudicare.

184 1844 238 1905 17
263 1841 321 1920 §2
348 1842 493 1920 Offiussa]
526 1844 572 1905 De
594 1863 625 1905 ss
648 1843 684 1904 cf.
707 1843 746 1902 H.
760 1844 789 1902 J.
805 1845 933 1903 Mueller
955 1845 999 1903 in:
1023 1845 1135 1905 Hister.

123 1933 237 1994 Ueiers.
256 1951 294 1993 err
316 1932 355 1994 A.
373 1933 535 2005 Seboefer‘s
556 1933 649 1992 Jrrbii
673 1952 702 2006 p.
720 1934 793 1991 149.

182 2022 199 2080 Ι
218 2023 259 2080 10
279 2018 299 2096 ἓ
318 2019 352 2095 4]
377 2020 446 2079 Non
464 2017 572 2078 inutile
591 2019 650 2077 erit
667 2018 829 2096 monuisse,
848 2017 885 2077 de
905 2017 1051 2079 Orosiana
1069 2022 1137 2096 qui-

116 2108 184 2167 dem
208 2109 321 2168 Tacitsi
351 2107 484 2182 excerpti
506 2105 634 2166 lectione
658 2106 790 2166 dubitari
814 2107 932 2166 omnino
956 2125 1015 2166 non
1038 2105 1137 2183 posse.

115 2195 222 2272 Itaque
246 2192 378 2273 primum
401 2196 458 2255 hoe
480 2197 597 2255 certum
614 2198 660 2254 est
679 2195 761 2270 apud
779 2192 918 2255 Orosium
936 2198 1031 2256 uerba
1048 2201 1136 2259 uiris·

117 2303 171 2357 que
194 2287 298 2345 deserti
325 2287 356 2343 et
383 2286 527 2345 eredentes
554 2282 670 2361 deesse3
699 2284 806 2343 deinde
829 2304 866 2344 ex
887 2284 938 2362 iis,
967 2304 1043 2362 quae
1071 2287 1136 2362 ipse

117 2373 153 2431 de
178 2373 283 2432 Tacito
307 2372 431 2446 addidit,
455 2371 597 2432 Orosium
619 2373 699 2433 clare
722 2375 808 2449 patet
830 2376 894 2433 tam
913 2375 1026 2434 sibimet
1045 2394 1136 2449 quam

116 2463 184 2523 daei
202 2462 241 2519 ad
258 2461 384 2537 Moysen
403 2460 557 2522 rettulisse
575 2465 607 2521 et
619 2463 802 2537 popriisserci
818 2463 1051 2539 interpretatum
1070 2482 1136 2524 esse

115 2550 341 2609 coniunctiuum
372 2551 661 2628 plusquamperfeoti
692 2571 753 2612 non
787 2553 1011 2613 coniunctiuum
1037 2553 1135 2612 futuri

116 2639 220 2699 exacti.

181 2727 258 2787 119
283 2725 380 2804 §10]
409 2730 483 2789 aiiii
509 2749 588 2790 nune
618 2750 673 2805 pro
700 2731 744 2789 reii
767 2730 885 2805 scripsi,
908 2748 980 2788 nam
1002 2727 1158 2792 Lauren.

115 2815 192 2875 tiani
214 2816 317 2875 manui
340 2815 488 2876 secundae
511 2817 766 2877 consentientibus
785 2816 892 2876 ceteris
911 2816 1062 2875 codicibus
1082 2834 1134 2892 op·

115 2905 199 2964 timis
231 2905 327 2969 maior
359 2905 522 2964 auctoritas
551 2905 711 2964 tribuenda
739 2907 785 2964 est
814 2922 904 2981 quam
931 2903 995 2963 eius
1024 2903 1134 2964 codicis

116 2994 220 3052 manui
243 2994 358 3069 primae
382 2992 447 3052 soli.

184 3082 262 3142 120
285 3079 344 3155 §2
378 3083 430 3141 diri
453 3082 509 3141 late
531 3100 618 3147 nunc,
633 3081 776 3156 praetuli,
803 3099 865 3140 non
888 3081 944 3139 ieie
966 3082 1032 3159 dia,
1055 3081 1135 3156 quod

116 3170 338 3230 Laurentianus
370 3172 451 3230 solus
487 3171 620 3247 exhibat3
654 3169 690 3230 cf.
724 3170 769 3231 ed.
796 3169 865 3228 mai.
888 3169 981 3244 praef.
1009 3189 1037 3245 p.
1058 3169 1135 3230 VIII

117 3256 204 3322 1116
225 3279 288 3335 sqq.
312 3258 516 3319 Laurentiano
541 3258 675 3319 enimin
699 3258 742 3318 eis
765 3257 940 3318 mendorum
964 3256 1134 3335 generibus,

117 3367 194 3422 quae
223 3349 251 3407 ei
279 3350 350 3408 sunt
371 3348 506 3425 propria,
533 3348 649 3406 nullam
676 3350 781 3407 contra
809 3349 976 3407 ceterorum
999 3346 1134 3406 codicum

118 3437 301 3511 optimorum
316 3455 491 3498 eonsensum
504 3436 578 3495 fides
592 3435 753 3496 tribuenda
768 3437 814 3496 est
832 3428 883 3513 (cf.
897 3435 915 3495 l.
930 3435 950 3494 l.
963 3455 992 3510 p.
1006 3428 1134 3517 XVHI).

118 3523 203 3594 Quod
228 3527 259 3585 in
283 3528 339 3588 hac
362 3526 492 3588 editione
514 3525 616 3602 paullo
640 3523 731 3584 etiam
756 3525 890 3587 seuerius
914 3525 1033 3584 secutus
1058 3543 1134 3587 sum.
