2370 3960
91 186 158 250 NS
341 188 451 239 Pam
468 187 592 240 OROSII
608 187 858 239 HISTORIARVM

37 344 73 392 aa
92 329 164 395 fuit
200 332 310 415 itaque
328 329 446 395 certior
468 331 681 415 per‘nuntios
703 329 810 394 factus
830 328 952 395 Caesar
970 329 1109 395 accurrit

90 419 398 502 circumspectisque
422 420 572 485 omuibus
595 418 698 502 uidet,
721 418 749 482 si
773 439 958 502 expugnare
982 420 1017 483 ui
1040 440 1109 483 mo-

90 508 200 583 liatur,
224 506 301 571 ludo
320 511 354 571 et
371 509 556 592 spectaculo
574 507 719 572 hostium
739 506 909 570 delendum
929 528 999 570 esse
1019 528 1108 570 exer·

91 595 192 659 citum
223 598 337 678 ³suum3
365 618 464 660 uuum
493 597 599 660 solum
626 616 696 659 esse
723 593 889 678 praesidii,
921 595 948 658 si
977 617 1107 679 quoquo
1127 623 1149 660 r·
1166 619 1184 644 ..

38 696 73 744 24
93 683 190 748 modo
213 683 326 748 hostes
349 705 435 768 aqua
457 687 637 749 arceantur.
673 682 731 747 sed
753 686 786 764 et
806 681 869 746 hoc
892 704 1021 766 quoque
1044 684 1109 747 nisi
1137 700 1150 741 s

92 771 214 836 Caesar
240 794 309 836 non
335 773 512 856 potuisset,
538 771 697 856 siquidem
724 770 813 854 fons,
840 793 904 855 quo
928 772 969 835 ad
993 775 1109 855 potum

91 861 285 940 utebantur,
321 860 426 925 medio
460 859 575 925 deuexi
606 859 727 926 montis
765 860 867 923 latere
902 859 1110 924 fundebatur.

93 947 214 1015 Caesar
242 950 282 1015 ad
310 949 495 1034 proximum
521 948 623 1015 fontis
653 948 820 1014 admoueri
842 948 955 1013 uineas
978 948 1109 1013 turrim-

94 1059 156 1123 que
179 1038 302 1103 exstrui
324 1038 425 1121 iubet.
471 1037 510 1102 fit
532 1058 670 1123 magnus
693 1037 770 1102 ilico
793 1058 967 1102 concursus
991 1059 1030 1101 cx
1053 1060 1109 1121 op-

93 1128 179 1211 pido.
212 1127 328 1211 quibus
348 1126 419 1190 sine
433 1126 577 1211 periculo
592 1125 827 1210 proeliantibus
842 1124 983 1190 Romani
997 1148 1110 1210 quam·
1125 1145 1151 1184 ro

94 1216 144 1279 uis
177 1213 388 1298 pertinaciter
421 1215 618 1280 obsisterent
649 1215 856 1298 crebriusque
894 1214 1110 1298 succederent,

40 1314 75 1365 25
95 1305 268 1386 conplures
296 1305 407 1367 tamen
433 1303 643 1367 trucidantur.
688 1303 789 1388 igitur
812 1303 987 1367 exstruitur
1010 1323 1112 1387 agger

95 1395 128 1455 et
150 1391 251 1455 turris
279 1391 399 1477 pedum
428 1392 611 1476 sexaginta,
640 1391 732 1456 cuius
759 1394 873 1455 uertex
901 1412 1039 1474 aequare
1069 1392 1109 1455 ad

93 1478 195 1544 fontis
214 1481 321 1544 locum
341 1480 452 1564 possit,
474 1484 512 1544 ut
529 1479 581 1545 uel
600 1502 639 1544 ex
657 1500 760 1563 aequo
778 1480 846 1544 tela
865 1478 968 1544 conici
991 1483 1112 1564 queant

96 1570 147 1632 uel
162 1568 377 1653 praecipitata
396 1568 535 1655 desuper
553 1589 704 1633 saxorum
723 1567 891 1633 uolumina
907 1590 974 1633 non
992 1569 1110 1633 timeri.
1125 1585 1151 1625 1⁶

42 1669 76 1719 aa
96 1657 250 1741 oppidani
274 1661 396 1738 autem,
419 1657 476 1722 ubi
499 1657 675 1722 exanimari
698 1657 754 1721 siti
776 1678 842 1722 non
865 1658 970 1722 solum
993 1678 1112 1742 pecora

96 1768 155 1810 sua
177 1766 290 1810 uerum
314 1746 414 1810 etiam
439 1746 633 1811 infirmiores
655 1746 825 1810 hominum
848 1748 970 1811 aetates
989 1746 1112 1830 uident,

96 1856 198 1918 cupas
217 1835 288 1918 picc
306 1835 385 1899 sebo
405 1839 438 1900 et
457 1835 613 1899 scindulis
632 1834 774 1918 repletas
794 1856 832 1898 ac
846 1834 959 1899 deinde
973 1835 1110 1899 inmisso

95 1923 173 2010 igne
204 1924 239 1987 in
267 1944 372 2007 prona
401 1923 619 2007 praecipitant
646 1943 766 2006 easque
795 1922 859 2006 ipsi
888 1926 959 1987 toto
990 1923 1109 2006 oppido

44 2023 78 2073 27
99 2012 193 2076 effusi
221 2011 470 2095 subsequuntur.
517 2010 704 2076 ardentibus
732 2010 890 2074 machinis
914 2032 987 2074 cum
1010 2032 1111 2095 graue
1125 2027 1152 2067 2⁰

95 2100 255 2183 proelium
275 2099 343 2165 suis
363 2097 484 2165 Caesar
503 2121 540 2164 ac
563 2099 780 2184 periculosum
803 2097 937 2181 uideret,
960 2098 1111 2163 cohortes

94 2189 129 2251 in
153 2188 322 2252 circuitum
346 2188 457 2272 oppidi
474 2188 521 2252 ire
540 2187 695 2252 uelociter
712 2207 771 2270 per
789 2185 953 2250 occultum
971 2186 1111 2269 imperat

95 2279 193 2359 atque
216 2276 356 2360 undique
380 2275 489 2342 subito
508 2279 638 2340 uastum
657 2274 831 2339 clamorem
849 2273 1007 2339 attollere.
1045 2296 1109 2357 quo

95 2363 183 2428 facto
213 2365 411 2430 consternati
438 2363 591 2449 oppidani
614 2363 691 2428 dum
713 2383 876 2427 recurrere
900 2362 941 2427 ad
963 2363 1135 2427 muniam.

98 2452 174 2517 dum
189 2452 344 2537 oppidum
358 2453 482 2537 uolunt,
498 2452 539 2518 ab
556 2451 801 2537 oppugnatione
816 2451 915 2516 torris
931 2451 985 2516 ucl
1002 2448 1111 2516 demo·
1125 2468 1151 2508 2⁵

42 2551 76 2601 aa
96 2540 211 2606 litionc
226 2540 356 2627 aggeris
378 2539 595 2606 lrecesserunt
626 2539 678 2605 illi
695 2545 816 2624 tamen,
833 2540 890 2625 qui
907 2540 949 2605 ad
966 2540 1111 2605 inciden-
1124 2568 1146 2605 u·
1165 2566 1183 2591 >·

95 2629 154 2694 das
181 2629 283 2695 fontis
310 2649 411 2694 uenas
439 2629 500 2694 sub
528 2630 664 2695 obtentu
695 2630 824 2716 aggeris
853 2630 918 2694 tuti
946 2629 1110 2693 cuniculos

95 2717 335 2800 perfodiebant,
367 2722 514 2801 repertos
546 2719 582 2782 iu
613 2718 765 2783 abstruso
794 2738 951 2801 aquarum
982 2720 1110 2781 meatus
1141 2724 1145 2732 '

94 2826 152 2888 per
172 2806 275 2870 multa
293 2804 466 2870 diuidendo
485 2805 613 2871 tenuari
631 2806 667 2870 in
685 2809 788 2869 semet
804 2804 886 2887 ipsis
900 2805 1110 2888 consumique

95 2893 250 2957 feceruut
297 2892 453 2977 oppidani
479 2893 571 2959 fonte
599 2894 720 2958 siccato
744 2892 859 2956 ultima
881 2891 1109 2976 desperatione
1124 2910 1151 2950 ³0

41 2993 76 3042 aa
95 2982 236 3064 correpti
250 2980 446 3047 ‹leditiouem
465 2983 516 3046 sui
530 2980 662 3046 iaciunt
691 2977 810 3046 Cacsar
823 2983 934 3044 autem
947 2979 1111 3063 omnibus,

96 3069 150 3155 qui
169 3090 261 3133 arma
274 3070 426 3152 tulerant,
445 3091 560 3135 manus
574 3067 709 3134 sustulit
721 3070 756 3132 et
769 3068 872 3132 uitam
885 3068 1026 3152 reliquit,
1045 3090 1110 3153 quo

42 3169 78 3220 ao
95 3158 248 3223 testatior
265 3163 352 3223 asset
369 3158 469 3222 ctiam
487 3156 629 3241 posteris
647 3176 752 3241 poena
768 3156 1003 3240 improborum.
1030 3159 1111 3222 mul·

99 3256 169 3312 tum
192 3247 277 3311 euim
300 3245 342 3311 ad
359 3244 593 3312 cohercendam
611 3244 781 3310 audaciam
800 3246 890 3311 ualet
906 3247 1112 3330 propositum

95 3335 275 3417 punitionis
293 3334 488 3419 exemplum,
505 3356 580 3400 cum
601 3333 674 3417 ipsa
697 3334 808 3400 miseri
825 3355 979 3419 praesens
1003 3333 1111 3399 forma
1123 3351 1151 3392 cs

96 3423 240 3488 iiiuuutis
262 3430 295 3488 ct
318 3421 359 3489 ad
381 3422 640 3489 recordationem
662 3421 817 3488 admonet
839 3422 987 3488 conscios
1009 3424 1044 3486 et
1067 3422 1110 3486 ad

95 3510 348 3578 sciscitationem
370 3512 461 3599 cogit
482 3512 624 3597 guaros
