2370 3960
90 158 133 223 '1'ss
332 162 442 212 Pam
458 162 583 213 ososn
598 163 849 214 marom

89 304 241 388 getisque
270 304 423 368 hostibus
449 303 679 369 Thebanorum
708 310 820 370 metra
844 311 1010 389 ceperunt.
1054 328 1103 371 se

89 394 201 476 quenti
224 392 351 475 proelio
367 393 456 457 inter
472 395 639 458 inmensus
656 395 825 477 uniusque
842 395 955 478 populi
972 399 1104 480 strages

87 478 288 545 Philomelus
323 482 451 546 occisus
486 494 551 563 est3
586 482 623 545 in
657 483 750 546 euius
781 484 889 547 locum
918 482 1104 549 Phocenses

89 565 292 633 Oendmaum
313 569 429 634 ducem
450 573 652 635 ereaumunt.

36 672 71 722 tt
155 656 258 723 Porro
287 663 398 723 autem
423 659 570 723 Thebani
597 663 632 722 et
657 659 808 723 Thessali
834 660 956 724 omisso
984 659 1130 725 dilectus

88 747 208 810 ciuium
235 746 425 831 Philippum
450 746 659 811 Macedoniae
689 768 815 832 regem,
846 770 943 832 quem
973 748 1105 814 hostem

88 835 179 917 prius
202 835 359 920 repellere
380 836 586 918 laborabant,
607 836 694 901 ultro
716 837 781 900 sibi
803 836 917 901 ducem
939 839 1105 920 expetiue-

87 929 175 988 runt
216 926 400 990 commisso
422 924 549 1008 proelio
571 922 841 1008 ethoccnsibus
863 946 968 1009 paene
989 925 1035 989 ad
1054 926 1103 991 in·
1115 955 1137 991 1>-
1152 944 1178 984 1⁷

88 1014 305 1078 ternecionem
338 1015 440 1078 caesis
471 1013 611 1078 uictoria
642 1013 684 1077 ad
712 1013 902 1098 Philippum
933 1016 1105 1080 concessit

37 1122 70 1171 15
91 1101 148 1164 sed
180 1102 398 1166 Athenienses
434 1102 548 1176 audito
583 1102 662 1166 belli
691 1106 825 1185 euentu,
860 1123 902 1166 ue
933 1101 1105 1187 Philippus
1118 1122 1144 1161 ιο

90 1189 245 1252 transiret
266 1191 301 1253 iu
325 1189 504 1272 Graeciam,
526 1190 696 1274 angustias
716 1189 1010 1274 Thermopylarum
1032 1193 1105 1275 pari

89 1277 215 1341 ratione
237 1278 321 1341 sicut
343 1277 595 1342 aduenientibus
618 1282 717 1342 antea
738 1277 848 1344 Persis
871 1300 1078 1363 occupauere.

37 1389 71 1438 ιθ
158 1364 263 1450 Igitur
277 1364 447 1449 Philippus
465 1367 522 1431 ubi
540 1366 708 1431 exclusum
726 1388 762 1432 se
780 1368 822 1432 ab
840 1368 993 1453 ingressu
1006 1367 1104 1433 Grae
1153 1430 1156 1435 .

89 1452 157 1517 ciue
184 1455 395 1536 praestructis
422 1454 650 1539 Thermopylis
678 1455 781 1539 uidet,
812 1461 963 1539 paratum
985 1457 1020 1522 in
1047 1456 1105 1522 ho
1132 1516 1137 1522 .

90 1544 155 1606 stes
182 1542 306 1607 bellum
333 1543 433 1608 uertit
458 1543 493 1608 in
520 1544 640 1608 socios:
669 1565 746 1608 nam
771 1545 939 1629 ciuitates,
966 1560 1143 1629 quarumls

88 1631 187 1714 paulo
211 1636 287 1696 ante
310 1632 375 1697 dux
397 1631 518 1715 fuerat,
548 1633 589 1698 ad
613 1633 845 1718 gratulandum
867 1655 906 1699 ac
928 1633 1104 1717 suscipien-

89 1719 166 1784 dum
207 1724 358 1803 patentes
394 1721 559 1787 hostiliter
594 1722 738 1804 inuadit,¹
775 1722 948 1788 crudeliter
985 1721 1105 1806 diripit,

37 1822 69 1872 17
90 1809 241 1894 omnique
260 1810 425 1875 societatis
446 1811 645 1876 conscientia
663 1811 794 1895 penitus
811 1811 935 1876 abolita
948 1811 1103 1896 coniuges

90 1897 273 1982 liberosque
293 1900 438 1963 omnium
458 1900 519 1963 suh
533 1920 654 1963 corone
666 1899 823 1982 uendidit,
841 1899 965 1984 templa
979 1920 1105 1984 quoque

91 1986 242 2050 uniuersa
271 1987 433 2051 subuertit
461 1986 692 2070 spoliauitque,
724 2008 784 2052 nee
809 1991 923 2052 tamen
949 2010 1104 2074 umquam
1117 2006 1145 2048 ro

40 2086 72 2137 rs
91 2094 150 2156 per
172 2092 245 2138 xxv
269 2095 373 2138 annos
397 2075 491 2159 quasi
513 2075 607 2138 iratis
630 2074 679 2139 dis
703 2075 809 2140 uictus
833 2080 891 2141 est.
928 2076 1106 2160 posthaec

91 2161 124 2225 in
149 2160 391 2245 Cappadociam
422 2162 554 2228 transiit
583 2162 692 2247 ibique
722 2164 843 2229 bellum
871 2165 942 2249 pari
969 2166 1106 2248 perfidia

92 2249 207 2335 gessit,
244 2253 357 2334 captos
395 2272 454 2334 per
487 2251 596 2317 dolum
627 2251 784 2317 finitimos
816 2274 911 2338 reges
942 2253 1105 2319 interfecit

89 2341 257 2424 totamque
287 2336 525 2424 Cappadociam
552 2340 691 2424 imperio
714 2338 924 2408 Macedoniae
951 2341 1105 2411 subdidit.

38 2442 71 2492 ra
91 2426 166 2493 inde
190 2431 265 2513 post
288 2427 400 2494 caedes
423 2428 573 2494 incendia
596 2429 927 2516 depraedationesque
949 2431 985 2495 in
1008 2432 1104 2497 sociis
1118 2449 1145 2489 ²⁵

93 2517 227 2583 urbibus
261 2521 369 2605 gestus
402 2517 576 2603 parricidia
607 2518 642 2583 in
672 2518 788 2584 hattes
816 2520 989 2602 conuertit,
1021 2534 1103 2603 quos

89 2607 175 2690 putri
199 2629 237 2671 cx
261 2627 400 2673 nouerca
415 2607 551 2760 (penites
575 2629 648 2674 cum
665 2606 840 2673 coheredes
858 2608 951 2693 regni
968 2603 1104 2673 uehere·
1118 2636 1140 2673 u.
1154 2627 1179 2667 ιτ

36 2706 70 2756 so
89 2696 155 2776 tur,
186 2694 366 2761 interficere
394 2715 568 2780 agressus
595 2698 655 2761 est.
700 2715 773 2760 cum
801 2700 908 2759 sutem
935 2714 1035 2757 unum
1063 2715 1103 2758 ex

89 2779 140 2845 his
169 2782 353 2863 occidisset,
381 2782 444 2847 duo
473 2782 507 2847 in
535 2780 716 2866 Olynthum
745 2782 971 2866 confugerunt:
1003 2785 1101 2864 quam

88 2888 164 2934 mox
188 2869 358 2953 Philippus
388 2868 552 2935 hostiliter
579 2869 620 2934 sd
680 2890 754 2934 seue
779 2869 891 2933 urbem
914 2866 1100 2953 antiquissi-
1114 2888 1142 2930 su

89 2976 175 3021 mam
196 2959 228 3021 et
248 2956 520 3040 florentissimum,
538 2956 628 3023 cuedi
652 2977 690 3022 us
710 2977 747 3022 sc
767 2956 925 3042 sunguine
944 2956 1101 3040 repletam

91 3044 206 3130 opibus
226 3043 476 3130 hominibusque
494 3044 654 3129 uacuuuit,
673 3043 855 3111 abstractos
869 3045 969 3111 ctiam
982 3044 1101 3113 fratres

37 3147 69 3196 st
91 3133 250 3219 supplicio
278 3138 312 3199 et
339 3134 410 3199 neci
438 3132 534 3200 dedit
579 3132 653 3200 dein
677 3152 765 3218 eum,
792 3133 917 3201 excidio
939 3134 1102 3201 sociorum

90 3228 123 3289 ot
154 3220 326 3327 parricidio
356 3221 494 3288 frutmm
525 3222 644 3308 elatus,
673 3220 770 3288 licere
797 3222 860 3289 sibi
886 3222 997 3290 omum
1018 3244 1102 3308 quae

90 3311 302 3397 replicuisset
328 3315 470 3396 putaret,
501 3310 631 3378 auraria
654 3310 725 3377 loca
747 3311 782 3378 in
804 3310 974 3379 Thessalia
996 3314 1030 3377 et
1050 3332 1101 3377 ur·
1115 3329 1143 3372 ss

89 3400 180 3551 perdi
204 3398 339 3467 ructallu
361 3399 396 3466 in
418 3396 557 3466 Thracia
581 3400 703 3467 inuasit
725 3420 776 3487 uc,
803 3421 845 3468 ue
867 3399 954 3487 quod
976 3400 1026 3466 ius
1048 3401 1103 3467 uel

103 3513 111 3552 l

111 3508 139 3553 ts
169 3486 361 3557 inuiolatum
388 3488 676 3577 praetermitteret,
705 3496 940 3576 praeoccupabo
962 3490 1048 3556 muri
1068 3495 1104 3558 et
