2400 3938
136 175 187 242 ’34
244 179 352 230 PAVLI
371 166 493 230 ORO'SH
510 174 761 228 HISTORIARVM
775 174 861 232 «ΠΝ.
880 176 959 230 PAG.
978 178 993 228 1
1011 181 1055 229 21.

91 333 123 382 1⁷
210 319 273 386 Sed
308 321 389 386 haee
425 340 483 404 per
514 323 567 386 tot
596 323 740 384 aetatum
771 319 941 385 uolumina
971 319 1159 384 incubuisse

144 409 297 475 Graeciae
319 409 415 493 parui
437 409 598 493 penditur.
642 430 728 474 nunc
752 412 862 474 aubin
885 407 1086 492 interpellari
1109 409 1158 472 in-

133 498 269 563 terdum
292 498 478 582 uoluptates
502 504 535 562 et
557 496 706 582 impediri
725 517 899 582 parumper
917 496 1070 562 libidines
1090 518 1159 562 non

91 597 124 648 18
143 587 331 652 sustinetur.
377 606 572 671 quamquem
600 586 686 650 inter
713 587 800 650 illius
828 586 985 669 temporis
1003 584 1158 650 homines

143 679 241 760 atque
262 676 359 740 istius
382 675 446 741 boe
469 676 615 759 interest,
638 674 725 758 quod
747 674 798 738 illi
818 695 922 758 usquo
946 675 1055 738 animo
1075 674 1157 740 haec
1183 689 1195 730 ⁵

140 764 346 830 intoleranda
373 763 573 848 tolerabunt,
601 762 677 848 quic
703 765 738 828 in
763 763 817 827 his
844 763 914 827 nati
941 762 995 827 uel
1014 764 1159 828 enutriti

143 857 236 918 erant
263 857 296 918 et
322 853 458 918 meliora
480 873 547 916 non
562 856 742 917 nouerant:
770 851 826 916 isti
849 855 973 935 eutem,
1000 855 1158 935 perpetuo

142 941 178 1006 in
205 942 275 1007 uita
294 959 363 1007 ’sua
388 940 662 1026 tranquillitatum
689 944 724 1005 et
751 939 941 1004 deliciarum
965 960 1078 1006 sereno
1102 940 1158 1005 ad·

143 1030 290 1114 sueiacti,
305 1031 354 1095 ¹ad
377 1050 473 1095 omne
490 1029 548 1094 uel
571 1027 910 1096 modicumobdusrae
929 1028 1157 1093 sollicitudinis

86 1130 124 1180 '19
142 1119 292 1183 nubilum
316 1122 570 1184 commonentur.
606 1121 705 1202 atqua
728 1117 855 1182 utinam
879 1118 986 1201 ipsum
1008 1117 1197 1201 depulso-1⁰

143 1226 212 1270 rem
224 1206 327 1270 *huius
345 1206 399 1271 uel
417 1206 562 1272 modicae
580 1206 813 1289 inquietudinis
829 1210 1047 1289 precarentur,
1065 1208 1156 1272 ouius

139 1312 275 1358 munere
293 1294 377 1359 hanc
394 1294 581 1380 ignoratam
601 1294 672 1358 aliie
686 1295 893 1379 temporibus
911 1294 1083 1379 iugitatem
1100 1317 1157 1380 pa·

90 1395 124 1444 20
143 1383 190 1448 cis
207 1382 406 1448 babuerunt.
450 1388 485 1448 et
505 1383 661 1468 quoniam
676 1383 895 1467 spopondisse
918 1383 1061 1467 memini,
1081 1405 1158 1448 oum

142 1471 244 1536 ueluti
271 1470 416 1536 articulis
444 1471 641 1556 quibusdam,
663 1471 788 1537 dicendi
811 1471 956 1536 ordinem
980 1471 1158 1557 definirem,

144 1559 304 1624 dictinum
333 1581 385 1625 me
403 1581 484 1626 esse
512 1560 553 1625 ab
582 1561 659 1625 orbe
682 1559 816 1625 ¹condito
844 1582 946 1646 usque
965 1560 1015 1625 =ad
1041 1561 1196 1625 urbemn

90 1659 124 1709 21
145 1644 321 1732 conditam,
340 1648 425 1714 buio
438 1649 606 1714 ‘uolumini
628 1649 714 1734 quod
736 1650 779 1715 ab
803 1649 880 1714 orbe
895 1648 1034 1714 :condito
1057 1650 1157 1733 expli·

146 1737 271 1803 cuimus
291 1737 368 1803 finis
391 1737 445 1804 hie
468 1739 519 1823 sit,
542 1742 579 1803 ut
602 1738 643 1803 ab
663 1738 743 1803 urbe
762 1737 1048 1821 condita=eequena
1067 1738 1157 1804 libel-

143 1826 195 1891 lus
216 1827 372 1910 incipiet,
398 1828 454 1909 qai
476 1828 679 1893 contentioru
701 1827 832 1890 illorum
855 1833 1037 1911 temporum
1061 1827 1157 1911 mala,

134 1915 423 1980 exercitatioribus
440 1917 565 2000 quippe
584 1915 628 1979 ad
651 1916 831 1999 nequitiam
855 1919 951 1999 atque
974 1914 1156 1982 eruditiori-

138 2002 204 2067 bus
223 2003 424 2088 bominibus,
447 2003 635 2069 continebit.
1171 2021 1198 2060 πο
