2370 3960
378 187 554 238 CAPITVLA
571 188 640 240 LIB.
659 189 691 242 V.
710 188 757 241 VI.
1013 185 1079 251 313

63 327 93 380 et
110 324 263 380 Iliensibus
282 328 312 380 ct
329 326 399 383 urbe
418 326 551 394 ipsorum,
571 344 656 395 quam
669 327 796 382 Fimbria
814 327 922 382 deleuit
936 327 985 382 sed
999 328 1081 398 Sylla

62 396 165 451 statim
183 396 357 464 reformauit,
377 397 541 466 etreliqua.
571 400 599 468 [1
614 404 629 464 ξ
643 399 690 470 29]

134 467 183 522 lll.
209 466 390 522 Mithridates
408 483 458 522 rex
476 468 543 522 dum
562 469 674 523 obsedit
692 469 822 524 obsessus
837 471 888 524 eet.
926 470 1080 524 denuntio

60 537 187 606 Luculli,
212 538 261 607 qui
279 558 320 594 vn
341 538 423 593 milia
443 556 578 608 passuum
596 551 672 591 nando
693 540 892 609 transmeant,
915 541 1078 609 etreliqua.

60 608 246 664 Mithridates
261 610 391 664 obsessus
407 610 483 680 apud
497 609 628 679 Cyzicum
642 611 672 665 in
684 627 818 680 magnam
831 611 978 682 penuriam
994 612 1079 682 pesti-

60 679 239 748 lentiamque
253 682 407 735 exercitum
420 698 501 736 suum
515 681 667 747 coartauit;
687 681 730 736 ibi
747 682 812 753 plus
826 699 911 751 quam
925 703 981 735 xxx
999 683 1081 736 milia

60 751 211 805 hominnm
236 750 344 820 amisit,
370 751 431 823 ipse
458 754 570 822 arrepta
594 752 662 806 naui
687 753 761 807 clam
785 752 861 823 fugit
884 770 947 807 cum
970 753 1077 822 paucis.

59 822 197 877 Lucullus
223 821 344 877 Marium
376 821 446 876 uicit
478 826 507 877 et
536 842 591 876 xxx
620 840 707 878 naues
739 823 834 893 regias
863 827 891 879 et
919 825 1079 893 complures

61 892 209 948 onerarias
229 895 278 947 aut
296 893 432 948 demersit
450 896 499 948 aut
513 893 598 964 cepit.
625 893 731 949 Marius
746 895 858 949 hostilis
872 894 960 949 animi
972 912 1078 964 poenas

60 963 125 1020 luit.
157 964 228 1018 item
241 963 374 1018 Lucullus
388 962 538 1034 Apamiam
551 966 684 1020 uastauit.
717 965 897 1020 Mithridates
911 966 1079 1034 Byzantium

59 1051 207 1176 1111
215 1034 351 1176 titii?
367 1051 466 1176 ua
473 1035 902 1162 1111111111ρῖἓὲἓέ
915 1036 1078 1162 uultu

61 1177 138 1248 quod
158 1193 223 1231 cum
240 1175 352 1247 uirgine
366 1175 477 1231 Vestali
490 1175 585 1241 labia,
593 1177 741 1247 commisit,
761 1178 856 1233 Catuli
870 1178 963 1248 gratia
978 1178 1077 1234 euasit.

59 1248 131 1303 item
145 1247 278 1302 Lucullus
296 1247 434 1302 restincto
452 1247 583 1302 incendio
599 1248 722 1319 Sinopen
741 1249 906 1318 adquisiuit‚
927 1254 956 1304 ct
974 1251 1077 1306 cetera.

61 1319 97 1374 de
116 1319 235 1374 Lucullo
254 1319 377 1388 qualiter
395 1337 459 1374 cum
476 1319 642 1374 Mithridate
662 1323 691 1375 et
709 1320 831 1390 Tigrane
850 1338 1016 1391 congressus
1027 1321 1080 1373 XX

61 1389 144 1444 milia
162 1390 274 1459 cecidit,
294 1393 324 1445 et
341 1390 458 1459 reliqua.
470 1392 498 1461 [2
515 1395 529 1454 ξ
546 1391 592 1462 14]

132 1469 195 1526 IIII.
222 1469 335 1524 Piratae
352 1469 444 1523 multa
462 1470 569 1525 scelera
587 1471 617 1525 in
635 1471 708 1527 mari
727 1473 921 1527 committunt:
941 1492 1010 1543 quos
1030 1473 1079 1528 Cn.

61 1540 215 1611 Pompeius
229 1540 412 1610 compressit.¹
431 1540 581 1610 Pompeius
597 1560 739 1597 successor
749 1544 861 1598 Luculli
874 1546 958 1599 nocte
973 1544 1080 1598 bellum

62 1610 206 1666 commisit
228 1613 258 1665 ct
280 1611 316 1666 de
334 1610 458 1666 exercitu
482 1612 562 1694 regio
581 1633 616 1668 xa
634 1613 716 1667 milia
735 1631 818 1668 caesa
835 1615 883 1668 uel
901 1617 986 1684 capta
1004 1618 1078 1682 sunt;

61 1681 185 1737 Romani
212 1681 353 1736 uulnerati
376 1681 468 1751 mille,
494 1700 543 1737 mx
564 1705 599 1737 xn
624 1684 780 1752 interfecti,
804 1702 854 1739 rex
877 1685 953 1739 solus
977 1702 1080 1752 equum

60 1769 148 1807 manu
166 1752 282 1806 trahens
301 1752 384 1822 fugit.
413 1752 513 1808 Castor
530 1754 705 1810 Mithridatis
718 1755 888 1825 praefectus,
906 1755 956 1823 qui
969 1755 1079 1809 Phana-

61 1823 143 1893 gorio
169 1825 309 1892 praeerat,
337 1823 494 1878 interfectis
514 1825 613 1879 amicis
640 1826 716 1896 regis
745 1843 838 1880 arcem
871 1826 1022 1894 occupauit
1050 1829 1080 1880 ct

60 1895 186 2018 quatuor
203 1893 277 1948 filios
299 1894 475 1950 Mithridatis
495 1897 533 1950 ad
551 1896 680 1952 Romana
702 1896 845 1967 praesidia
867 1896 1027 1950 transmisit
1050 1898 1081 1951 et

83 1966 222 2020 hamaces
240 1964 314 2019 filius
333 1965 508 2021 Mithridatis
532 1968 684 2022 exercitum
707 1967 841 2022 aduersus
859 1970 970 2037 patrem
989 1968 1078 2021 drrxit.

61 2034 247 2090 Mithridates
271 2037 443 2091 sententiam
466 2037 501 2092 dc
526 2038 580 2092 diis
605 2038 662 2092 suis
685 2040 787 2093 habuit
808 2042 838 2094 et
861 2038 897 2092 ad
922 2054 1023 2092 uxores
1050 2040 1081 2091 et

61 2106 187 2176 paelices
214 2123 247 2161 ac
271 2106 346 2162 filias
373 2125 439 2161 suas
465 2109 637 2163 descendens
664 2127 804 2165 uenenum
832 2109 962 2164 omnibus
991 2108 1078 2162 dedit

62 2177 140 2246 quod
164 2194 228 2232 cum
250 2178 311 2247 ipse
337 2178 462 2233 omnium
485 2179 654 2235 nouissimus
673 2180 816 2236 hausisset
833 2197 885 2235 nec
904 2181 1019 2251 propter
1037 2195 1079 2233 re-

60 2249 170 2316 media,
190 2247 293 2316 quibus
311 2265 396 2319 saepe
414 2249 517 2303 uitalia
535 2267 587 2305 sua
606 2250 797 2319 obstruxerat,
823 2269 840 2305 a
858 2268 966 2305 ueneno
985 2251 1079 2319 posset

56 2318 196 2386 interfici,
228 2317 342 2374 (lullum
367 2320 506 2389 quendam
530 2320 652 2376 militem
680 2322 816 2376 inuitauit
843 2322 923 2390 eique
951 2321 1080 2390 iugulum

60 2389 204 2460 praebuit,
223 2407 312 2446 anuos
326 2393 410 2445 natus
428 2391 489 2460 ipse
503 2390 684 2446 Mithridates
698 2412 786 2459 axxu,
807 2393 836 2446 et
852 2392 970 2458 reliqua.
991 2393 1078 2462 [451]

133 2468 169 2524 V.
196 2467 252 2527 Hic
274 2485 399 2524 consona
420 2470 490 2524 fides
513 2470 596 2524 huius
619 2469 750 2524 historici
773 2486 837 2523 cum
854 2469 927 2523 libro
947 2470 981 2522 de
1001 2470 1078 2523 bello

61 2539 191 2608 Iudaico,
216 2556 300 2609 quem
321 2540 449 2610 plerique
467 2540 581 2611 losephi
598 2543 710 2596 uocant.
748 2540 897 2610 Pompeius
916 2539 1078 2609 Hierosoly-

61 2628 139 2667 mam
163 2611 250 2666 tertio
275 2627 371 2666 mense
403 2611 577 2681 expugnauit
606 2614 636 2666 ct
659 2611 702 2666 ibi
726 2631 777 2666 xru
800 2610 882 2665 milia
910 2611 1079 2665 ludaeorum

63 2681 181 2750 occidit3
200 2681 308 2736 residui
326 2681 459 2737 infidam
476 2685 627 2750 uenerunt3
646 2683 806 2752 Hyrcanum
825 2681 983 2736 sacerdotio
997 2682 1078 2737 resti-

61 2753 120 2809 tuit
137 2755 167 2808 et
185 2752 379 2808 Aristobulum
398 2752 542 2823 captiuum
560 2754 680 2808 Romam
699 2754 786 2808 duxit.
816 2753 846 2826 [6
860 2759 876 2820 ς
892 2755 920 2826 1]

134 2834 181 2889 VI.
211 2832 282 2888 Gaio
297 2831 412 2888 Caesari
429 2836 487 2889 tres
505 2835 668 2905 prouinciae
686 2833 718 2887 in
736 2833 958 2902 quinquennium
977 2835 1081 2888 dantur

63 2920 127 2959 cum
143 2903 306 2974 legionibus
324 2924 371 2960 vn.
392 2937 426 2945 -
445 2905 487 2960 Dc
510 2906 696 2961 altercatione
714 2904 911 2961 Heluetiorum
930 2923 993 2960 cum
1013 2906 1080 2960 Cer·

52 2974 154 3030 :manis
183 2977 213 3029 et
241 2973 362 3029 aliarum
380 2977 508 3045 gentium
525 2977 720 3047 plurimarum.
758 2994 829 3045 quoe
849 2977 952 3032 Caesar
971 2976 1080 3030 difficili

62 3046 140 3102 bello
165 3045 211 3101 bis
237 3045 330 3100 uictos
356 3047 392 3100 ad
419 3047 594 3102 deditionem
619 3048 725 3118 coegit,
752 3051 849 3103 tamen
875 3065 908 3102 ex
932 3047 977 3101 his
1004 3065 1079 3099 xuvrr

62 3115 144 3171 milia
162 3115 280 3179 occidit,
300 3119 408 3172 ceteros
426 3117 457 3171 in
475 3121 580 3173 terram
598 3120 743 3189 propriam
760 3117 877 3172 remisit
899 3119 926 3188 [7
941 3124 956 3182 ξ
972 3117 998 3186 1]

132 3196 195 3251 vn
223 3196 265 3250 De
290 3194 416 3251 Caesaris
440 3197 561 3253 uictoria
584 3201 683 3253 contra
701 3197 874 3251 Ariouistum
896 3210 992 3262 regem
1011 3192 1078 3246 Ger-

62 3283 209 3322 manorum
225 3267 303 3321 etde
318 3268 461 3322 testudine
480 3272 623 3324 scutorum
638 3271 667 3323 et
680 3267 730 3321 ubi
743 3267 895 3336 Belgarum
909 3280 987 3334 gens,
1006 3280 1078 3343 quac

62 3338 149 3393 tertia
176 3353 244 3408 pars
273 3336 429 3393 Galliarum
458 3342 513 3409 cst,
543 3342 641 3394 contra
666 3337 768 3392 Caium
791 3337 938 3391 Caesarem
964 3335 1077 3401 exarsit,

61 3424 182 3477 quarum
205 3407 381 3463 distributim
404 3410 487 3481 copia
508 3411 579 3466 haec
602 3409 689 3463 fuisse
711 3409 844 3462 refertur:
864 3423 972 3459 corxxrr
995 3403 1078 3458 milia

63 3481 237 3535 matorum
255 3479 435 3537 electissima.
470 3499 541 3551 quae
561 3481 664 3536 Caesar
681 3494 770 3547 usque
796 3478 831 3532 ad
857 3474 1079 3530 internecionem

62 3566 152 3620 paene
171 3548 290 3620 deleuit,
308 3550 473 3621 etreliqua
503 3553 618 3608 Crassus
633 3550 798 3606 adolescens
817 3548 883 3602 dum
902 3546 977 3617 apud
990 3544 1077 3599 Andi-
