2370 3960
90 142 157 205 260
335 142 444 195 PAVLI
462 140 586 192 oaosrr
603 141 852 194 ffisroamavu

54 300 70 347 4
157 287 251 351 Anno
281 285 322 365 ab
351 285 431 349 urbe
461 282 593 348 condita
621 284 796 350 millesimo
828 283 966 368 septimo
995 281 1107 347 Gallus

89 376 292 442 Hostilianas
330 374 527 438 uicensimus
566 377 676 437 sextus
711 374 752 438 ab
785 371 936 458 Augusto
970 391 1108 456 regnum

89 465 223 547 adeptus
242 464 298 528 uix
318 462 445 527 duobus
466 462 561 526 annis
580 483 652 527 oum
667 462 847 528 Volusiano
866 461 936 526 filio
956 460 1108 526 obtinuit.

54 546 70 612 t
89 553 229 617 exeritur
243 551 325 616 ultio
341 551 456 617 uiolati
472 551 612 616 nominis
627 549 809 616 Christiani
827 553 860 614 et
877 570 1046 635 usquequo
1066 549 1108 613 ad

88 641 309 725 profligandas
329 639 481 705 ecclesias
502 639 607 703 edicta
621 637 714 704 Decii
733 641 952 722 cucurrerunt,
971 640 1107 704 eatenus
1133 653 1144 695 ⁵

89 730 325 796 incredibilium
354 729 542 793 morborum
569 728 672 811 pestis
700 728 897 792 extenditur:
925 727 1017 793 nulla
1041 726 1107 792 fere

89 820 257 902 prouincia
286 817 448 906 Romana,
480 816 569 881 nulla
602 817 732 900 ciuitaS,
763 816 855 880 nulla
887 815 1004 881 domus
1036 814 1108 899 fuit,

57 959 63 971 .
90 931 171 993 quae
199 931 266 973 non
293 907 351 971 illa
378 905 522 993 generali
545 905 733 988 pestilentia
755 907 905 988 correpta
930 907 1029 990 atque
1052 927 1107 969 ua·

55 1008 71 1056 6
91 1002 186 1062 cuata
210 998 261 1062 sit.
301 995 363 1060 hac
387 997 457 1060 sola
479 994 623 1078 pernicie
645 995 791 1080 insignes
816 992 930 1058 Gallus
955 997 989 1058 et
1007 992 1107 1058 Volu-

90 1087 200 1151 sianus
220 1086 296 1150 dum
315 1088 430 1150 contra
448 1083 667 1148 Aemilianum
686 1083 781 1148 nouis
799 1082 896 1147 rebus
921 1081 1106 1146 studentem
1120 1099 1143 1137 1⁰

90 1175 211 1239 bellum
230 1174 324 1238 ciuile
338 1173 524 1254 moliuntur,
544 1172 642 1236 occisi
656 1175 740 1237 sunt.
773 1170 975 1235 Aemilianus
995 1175 1106 1235 tamen

89 1265 186 1326 tertio
211 1281 320 1324 mense
343 1260 476 1323 inuasae
500 1259 682 1342 tyrannidis
705 1260 866 1324 extinctus
889 1262 948 1324 est.

37 1355 74 1410 22
158 1350 253 1412 Anno
282 1348 323 1411 ab
351 1347 430 1411 urbe
457 1345 589 1411 condita
612 1347 784 1412 millesimo
809 1348 934 1413 decimo
958 1346 1022 1413 duo
1046 1347 1106 1412 im·

90 1442 252 1522 peratores
267 1435 442 1500 uicensimo
463 1435 603 1517 septimo
620 1438 697 1518 post
710 1433 893 1521 Augustum
911 1436 984 1500 loco
1004 1435 1106 1501 creati

90 1530 178 1589 sunt:
202 1524 394 1588 Valerianus
421 1523 457 1587 in
479 1521 596 1587 Raetia
623 1523 664 1588 ab
692 1524 834 1589 exercitu
858 1522 1027 1609 Augustus
1052 1547 1105 1608 ap·
1121 1539 1144 1582 1⁵

90 1615 242 1697 peilatus,
278 1612 401 1677 Romae
439 1614 547 1677 autem
584 1634 604 1676 a
636 1616 751 1677 senatu
783 1611 950 1678 Gallienus
983 1611 1107 1678 Gaesar

91 1706 232 1783 creatus,
256 1702 441 1786 mansitque
456 1699 623 1766 Gallienus
641 1702 675 1765 in
695 1721 797 1786 regno
816 1700 990 1767 infeliciter
1011 1702 1105 1767 annis

91 1810 148 1873 xv,
182 1787 371 1874 respirante
399 1790 565 1874 paulisper
592 1791 634 1855 ab
661 1790 719 1855 illa
746 1812 844 1875 supra
872 1791 1007 1856 solitum
1033 1791 1104 1876 iugi
1118 1819 1138 1857 r·
1153 1805 1175 1847 ⁵1

92 1884 124 1943 et
147 1879 241 1964 graui
259 1879 447 1964 pestilentia
466 1897 584 1962 genere
603 1879 754 1944 humano.
792 1882 950 1964 prouocat
969 1901 1109 1963 poenam

93 1990 184 2032 suam
212 1968 373 2032 obliuiosa
401 1966 537 2031 malitia.
582 1967 736 2052 impietas
765 1968 850 2032 enim
879 1967 1010 2053 flagella
1038 1968 1109 2052 qui·
1123 1985 1149 2024 20

94 2058 166 2121 dem
190 2057 372 2121 excruciata
395 2055 503 2139 sentit,
527 2055 582 2120 sed
607 2077 626 2119 a
649 2078 713 2140 quo
732 2056 925 2141 flagellatur,
949 2056 1109 2122 obdurata

59 2156 74 2204 a
94 2169 160 2210 non
184 2144 294 2210 sentit.
334 2147 373 2207 ut
395 2143 434 2206 de
459 2144 680 2226 superioribus
704 2147 838 2226 taceam,
861 2145 950 2210 faeta
968 2167 988 2208 a
1008 2144 1109 2211 Decio

94 2232 353 2298 Christianorum
371 2232 594 2316 persecutione
612 2234 718 2297 totum
734 2232 918 2298 Romanum
937 2233 1109 2317 imperium

93 2322 282 2406 pestilentia
304 2342 426 2407 magna
449 2321 589 2386 uexauit.
626 2322 766 2387 mentita
790 2325 840 2387 est
862 2322 1017 2408 iniquitas
1038 2323 1109 2406 sibi,

94 2434 196 2495 prauo
211 2412 245 2476 in
264 2411 440 2497 perniciem
462 2432 552 2475 suam
573 2410 793 2476 circumuenta
810 2411 937 2496 iudicio,
956 2410 1108 2494 pestilen-
1123 2427 1149 2468 2⁵

96 2502 179 2566 tiam
208 2500 388 2568 communis
417 2522 511 2565 casus
539 2522 610 2565 esse
641 2501 902 2586 accidentemque
925 2521 965 2564 ex
987 2500 1110 2564 morbis

62 2601 78 2648 3
98 2594 236 2656 mortem
255 2595 391 2656 naturae
409 2590 509 2654 finem
527 2611 597 2654 esse
617 2611 684 2655 non
701 2611 848 2673 poenam.
877 2610 989 2654 rursus
1008 2588 1111 2674 igitur

97 2685 194 2762 atque
218 2680 253 2742 in
272 2679 366 2744 breui
383 2679 466 2743 iram
486 2677 548 2743 Dei
567 2679 732 2743 sceleratis
752 2677 934 2744 actionibus
953 2679 1110 2761 prouocat

97 2770 270 2847 exceptura
284 2767 425 2851 plagam,
445 2767 535 2831 cuius
555 2767 742 2851 aliquandiu
761 2767 948 2832 meminisse
966 2769 1109 2852 cogatur.

96 2852 289 2915 Valerianus
305 2853 465 2935 siquidem
480 2876 556 2918 mox
570 2858 608 2917 ut
627 2854 765 2937 arripuit
783 2855 956 2937 imperium
975 2858 1110 2923 octauus
1124 2871 1150 2911 ³⁰

97 2963 116 3005 a
138 2938 281 3020 Nerone,
308 2939 399 3024 adigi
411 2961 479 3022 ·pcr
501 2943 664 3021 tormenta
687 2940 890 3007 Christianos
914 2943 955 3008 ad
978 2944 1111 3009 idolola

100 3029 198 3092 triam
222 3026 483 3110 abnegantesque
507 3027 646 3093 interfici
668 3029 776 3111 iussit,
802 3029 876 3095 fuso
900 3051 1111 3114 peromnem

64 3129 81 3176 4
99 3117 238 3183 Romani
261 3115 353 3200 regni
375 3114 582 3179 latitudinem
606 3120 791 3181 sanctorum
810 3122 978 3206 sanguine.
1015 3121 1111 3186 Vale·

100 3208 209 3272 rianus
233 3206 323 3287 ilico,
345 3203 461 3268 nefarii
484 3207 596 3271 auctor
619 3205 728 3290 edicti,
752 3228 771 3270 a
794 3204 916 3292 Sapore
939 3207 1112 3274 Persarum

100 3316 176 3378 rege
191 3299 315 3379 captus,
329 3294 504 3378 imperator
517 3293 630 3378 populi
644 3293 784 3359 Romani
797 3295 1112 3381 ignominiosissima
1125 3315 1151 3355 ³⁵

101 3384 186 3466 apud
215 3384 332 3449 Persas
363 3382 518 3448 seruitute
549 3384 730 3468 consenuit,
759 3384 821 3451 hoc
850 3384 981 3468 infamis
1011 3383 1109 3448 officii

101 3474 268 3556 continua,
301 3473 401 3538 donec
430 3472 524 3558 uixit,
556 3471 763 3538 damnatione
793 3475 940 3554 sortitus,
971 3472 1008 3534 ut
1039 3469 1109 3552 ipse
