2370 3960
86 171 153 222 VIII
489 170 691 222 PRAEFATIO

154 315 208 376 12
239 313 325 391 §45
353 315 554 394 Gandaridas]
585 316 789 392 „Gandaridas
817 319 858 378 ist
884 319 1004 396 haufige
1032 321 1106 382 Ver-

86 403 279 482 weohselung
301 405 352 464 fflr
376 401 584 484 Gangaridas“
608 405 806 469 Gursomrrn.

152 492 205 551 12
230 490 310 568 §52
335 494 449 554 retinui
471 493 692 555 emendationes
716 495 788 555 olim
811 514 829 554 a
852 515 900 556 me
918 499 1104 574 propositas:

84 583 196 656 Inops
204 584 236 641 et
244 583 424 651 1111111111,
440 583 682 660 quandoquidem
695 583 783 643 huius
798 583 914 660 periodi
927 586 971 644 ita
984 589 1103 660 pertur-

85 670 188 747 batae,
219 673 253 729 ut
284 689 323 730 ne
351 672 389 731 ab
418 670 523 731 Oresio
551 671 672 747 quidem
700 672 813 748 seripta
838 691 926 748 pesse
953 673 1102 749 uideatur,

85 758 192 817 melior
223 759 342 818 medela
372 777 433 818 nen
460 763 507 819 est
532 760 664 820 inuenta.
715 758 835 820 Conieei
863 764 965 821 autem
992 763 1103 837 Incipit

84 847 334 923 cosmographum
344 851 375 906 et
383 847 543 924 isidorum,
554 850 725 909 descendens
734 849 886 909 Isidorum
894 851 926 909 in
936 869 990 910 suo
1001 870 1102 928 quem-

84 954 143 1012 que
157 934 257 995 Orosii
270 935 434 1011 exemplari
447 937 566 1014 legisse.
594 938 756 998 Praeterea
769 940 940 999 1111111111
953 939 1102 999 Isidorum

83 1043 144 1084 nen
159 1043 213 1084 suo
226 1024 324 1084 Marte
339 1024 490 1086 addidisse
510 1027 562 1087 sed
577 1046 613 1086 ex
628 1026 733 1087 Oresio
753 1028 931 1103 repetiuisse
946 1047 981 1088 eo
995 1029 1101 1103 proba-

83 1112 176 1172 bilius
204 1115 251 1172 est
273 1113 360 1196 quod
376 1115 530 1175 auctorem
553 1134 640 1175 suum
664 1115 812 1192 expilator
833 1135 991 1193 perperam
1013 1117 1101 1176 intel-

81 1201 165 1261 lexit.
203 1201 283 1261 Nam
308 1200 433 1263 Orosius
455 1203 511 1263 hee
534 1202 618 1263 dieit:
642 1205 765 1280 Europa
785 1204 891 1280 incipit
914 1206 1102 1265 amentibus

83 1289 258 1366 Riphaeis.
283 1333 290 1349 .
315 1336 321 1351 .
346 1336 353 1351 .
376 1310 430 1366 per
451 1291 526 1351 litus
550 1292 793 1367 septentrionalis
817 1293 921 1351 oeeani
943 1312 1040 1368 usque
1064 1295 1103 1354 ad

85 1377 217 1438 Galliam
238 1379 396 1456 Belgicam
415 1382 446 1440 et
463 1381 574 1440 fiumen
591 1380 739 1457 Rhenum,
759 1380 840 1457 qued
859 1383 905 1440 est
924 1381 962 1440 ab
987 1400 1101 1456 neuneu,

83 1467 265 1527 descendens
294 1458 372 1548 (11.
394 1469 518 1545 Europa
540 1468 647 1545 incipit
670 1488 688 1527 a
710 1489 748 1527 m.
773 1468 859 1544 Riph.
890 1472 920 1528 et
948 1470 1103 1530 deseendit

81 1547 256 1636 perlitus).
302 1554 344 1615 At
366 1556 499 1616 Isidorus
521 1577 576 1632 per
599 1575 730 1616 errorem
753 1558 925 1617 descenderes
948 1559 1102 1618 coniunxit

82 1663 150 1704 eum
178 1647 215 1704 ab
243 1661 357 1721 oeeeso3
390 1644 511 1721 scripsit
544 1645 635 1704 enim:
669 1639 790 1722 ‘incipit
818 1646 982 1706 aflumine
1005 1647 1102 1707 Tanai

82 1733 306 1793 descendens
334 1734 377 1792 ab
406 1752 534 1794 eooasu
560 1753 615 1809 per
643 1735 909 1811 septentrionalem
938 1729 1102 1796 oceanum?

81 1821 216 1899 Longius
246 1823 374 1883 errando
401 1821 548 1899 prooessit
576 1821 817 1897 Goldbaeherus‚
845 1824 898 1898 qui
925 1824 958 1882 in
986 1825 1101 1900 ephem.

81 1910 309 1972 vindebonensi
335 1911 501 1985 Zettsetre'tt
521 1913 543 1985 f.
565 1910 669 1985 epum
696 1914 780 1970 1883
805 1932 836 1987 p.
856 1913 919 1970 107
947 1913 1042 1970 verba
1069 1916 1102 1972 11

82 2016 187 2060 occasu
210 2001 381 2060 descenderes
402 2017 462 2058 nen
485 1999 524 2058 ad
542 2000 695 2074 Europam
719 1999 771 2058 sed
788 2016 946 2074 perperam
966 1999 1004 2057 ad
1022 1999 1101 2059 Rhe-

82 2105 156 2147 num
184 2088 317 2148 referens
347 2090 378 2147 et
404 2089 507 2162 incepit
529 2106 597 2147 eum
619 2088 973 2162 galerannusque
1001 2090 1041 2147 ed
1065 2088 1101 2148 G.

81 2175 164 2251 Belp.
189 2177 269 2235 male
297 2177 479 2253 coniungens
507 2177 692 2236 eonieoturas
718 2194 801 2235 meas
829 2174 1019 2253 redarguisse
1044 2177 1102 2235 sibi

80 2266 164 2324 uisus
188 2268 243 2324 est.

147 2351 163 2410 I
188 2355 206 2411 2
232 2350 251 2427 ἕ
273 2354 315 2412 60
345 2353 425 2412 inter
447 2354 620 2412 Danuuium
642 2351 850 2430 Galliamque]
893 2351 930 2410 ln
958 2351 1101 2428 promptu

80 2444 127 2499 est
150 2441 300 2517 eorrigere
324 2435 554 2518 ‘Rhenumque’
578 2442 658 2518 qued
683 2441 807 2517 81111111,
831 2439 1100 2503 11711118111111

82 2520 198 2609 (1841)
221 2549 251 2604 p.
271 2532 312 2590 86
335 2550 492 2608 nuperque
510 2531 613 2609 Riese,
632 2551 736 2609 geogr.
759 2531 812 2591 lat.
832 2531 902 2592 min.
925 2552 954 2608 p.
974 2532 1015 2592 63
1035 2550 1102 2607 pro-

80 2621 258 2694 posuerunt3
278 2620 315 2678 ef.
330 2619 431 2680 Bauer
444 2622 583 2683 Zettselrr.
597 2623 619 2696 f.
640 2622 727 2683 Wtrr.
740 2622 883 2681 Freeleee
899 2622 983 2680 1852
1003 2641 1031 2696 p.
1048 2622 1099 2681 52.

80 2703 123 2764 At
140 2705 202 2764 iam
220 2705 355 2766 Isidorus
371 2708 453 2784 Orig.
470 2712 520 2782 14,
536 2712 565 2784 4,
582 2713 622 2769 16
639 2703 863 2784 ‘Galliamque'
883 2709 915 2765 in
934 2726 987 2766 sue
1003 2707 1102 2765 Orosii

81 2793 244 2871 exemplari
267 2793 388 2852 uidetur
411 2797 529 2872 legisse.
570 2798 712 2856 Fortasse
735 2795 830 2853 uerba
849 2789 884 2852 ‘a
903 2792 1004 2853 Gallia
1021 2792 1101 2853 inter

81 2874 268 2941 Danuuium'
294 2872 387 2961 (quae
412 2882 519 2940 desunt
543 2882 624 2957 apud
642 2874 807 2963 Isidorum)
826 2883 1011 2956 interpolata
1029 2884 1101 2939 sunt

80 2972 194 3046 etpost
208 2962 367 3029 ‘limitem'
383 2968 493 3028 exeidit
507 2962 656 3029 ‘fluminis
670 2963 784 3028 Rheni'
799 2962 849 3049 (of.
864 2966 884 3042 ξ
901 2962 966 3047 63).
997 2966 1098 3027 Limes

80 3058 160 3118 enim
190 3057 295 3118 Oresio
327 3060 373 3117 est
404 3076 464 3117 non
494 3057 610 3115 uallum
638 3055 817 3117 Germaniae
850 3055 1014 3132 superioris
1045 3058 1099 3116 sed

80 3147 202 3208 Rhenus
225 3147 298 3222 ipse.

148 3236 198 3295 12
218 3233 238 3312 ξ
255 3238 294 3296 69
316 3231 374 3310 est]
390 3234 483 3309 uulgo
502 3233 650 3292 insertum
669 3236 717 3294 est
733 3236 838 3293 eontra
853 3233 980 3308 optimos
996 3233 1099 3294 libros.

82 3322 271 3384 Goldbaehar
293 3345 323 3400 p.
339 3325 401 3383 107
426 3320 585 3381 delendum
608 3324 692 3381 reete
717 3326 826 3383 oenset.

148 3412 202 3472 12
229 3410 248 3488 ἓ
268 3414 309 3474 73
347 3409 392 3472 Of.
415 3411 451 3470 A.
471 3409 617 3488 Haebler,
644 3411 822 3471 1111111111-
849 3411 911 3471 aad
938 3410 1099 3472 Westlritste

80 3501 279 3579 Hispanias,
301 3501 422 3577 Leipzip
447 3501 529 3561 1886
555 3491 688 3582 (Prepr.)
712 3519 741 3575 p.
758 3500 810 3560 32.
