2370 3960
99 192 166 256 280
347 191 456 242 PAVLI
475 189 599 242 OROSII
615 188 866 242 HISTORIARVM
901 236 909 249 ,

48 349 82 397 10
102 337 199 402 simul
230 333 361 398 frutices
392 332 597 419 germinauit.
644 332 803 417 siquidem
831 351 914 416 gens
936 329 1112 416 Hunorum,

102 427 156 489 diu
181 423 355 488 inaccessis
380 422 506 487 reclusa
528 421 706 506 montibus,
733 420 907 504 repentina
933 419 1028 485 rabie
1050 441 1113 504 per

101 514 167 578 cita
191 511 312 576 exarsit
338 511 374 576 in
396 509 523 576 Gothos
547 531 665 594 eosque
687 508 812 593 passim
837 508 1054 574 conturbatos
1075 508 1134 583 ab,
1172 522 1175 529 '

102 601 244 683 antiquis
273 599 404 665 sedibus
427 599 559 701 expulit
605 597 706 664 Gothi
728 597 869 664 transito
891 596 1049 663 Danuuio
1070 597 1113 661 fu·
1180 645 1181 650 ι

101 690 192 774 gient
194 711 237 773 es,
261 711 280 753 a
298 687 482 753 Valente
456 709 527 752 srne
546 687 614 751 ulla
635 686 776 752 foederis
799 685 951 771 pactione
975 684 1133 769 suscepti⁵

100 799 141 842 ne
166 800 257 843 arma
281 777 424 862 quidem,
447 798 510 861 quo
533 776 636 840 tutius
659 775 807 840 barbaris
829 774 1033 860 crederetur,
1053 777 1113 839 tra-

49 878 81 926 11
102 867 210 931 didere
234 866 400 932 Romanis.
445 863 559 929 deinde
581 867 680 949 propt
682 885 715 928 er
665 863 980 929 tintolerabilem
1006 824 1111 929 linari-
1121 874 1167 927 ιι·

101 957 183 1020 tiam
210 955 344 1020 Maximi
373 954 462 1019 ducis
491 953 638 1018 famet
606 956 638 1017 et
665 952 792 1017 iniuriis
823 951 973 1017 adacti
962 974 999 1017 ιιι
1029 972 1112 1016 arma

104 1048 288 1129 surgentes,
311 1041 573 1109 uiototValentis
596 1041 738 1106 exercitu
760 1062 819 1125 per
840 1039 1018 1105 Thraciam
1040 1059 1113 1122 sose,
1170 1061 1173 1065 ’

103 1133 241 1197 miscent
242 1154 275 1197 es
227 1131 401 1196 tsimul
430 1131 540 1196 omnia
568 1129 719 1195 caedibus
741 1128 899 1194 incendiis
922 1128 1142 1213 rapiniaquan

52 1220 264 1284 1·2.fuderunr
310 1219 432 1284 Valens
461 1214 612 1303 egressus
640 1218 678 1282 de
702 1216 881 1284 Antiochia
903 1239 980 1283 cum
1004 1217 1113 1317 ultima

101 1308 137 1371 in
138 1308 241 1371 felicis
272 1307 350 1371 belli
380 1309 468 1371 sorte
497 1305 695 1391 traheretur,
728 1328 801 1372 sera
829 1306 957 1390 peccati
984 1303 1113 1371 maximi

101 1394 367 1494 paenitentiast
335 1394 483 1459 stimulat
468 1398 521 1459 tus
554 1393 725 1478 episcopos
761 1397 949 1478 ceterosque
987 1397 1113 1460 sanctos

101 1482 247 1546 reuocari
271 1481 309 1546 de
334 1481 438 1547 exiliis
462 1482 644 1584 imperauit.

50 1583 82 1630 13
168 1569 282 1654 ltaque
306 1571 420 1673 quinto
444 1571 601 1637 decimo
591 1572 720 1656 rmperii
745 1571 794 1637 sui
813 1593 898 1636 anno
917 1570 1114 1636 lacrimabile
1123 1581 1143 1625 1⁸

102 1659 182 1724 illud
206 1660 359 1724 bellum
349 1683 384 1725 ιιι
407 1659 547 1726 Thracia
571 1682 644 1725 eum
668 1659 785 1726 Gothis
809 1660 874 1724 iam
897 1663 978 1725 tunc
1001 1658 1136 1725 exerui·

102 1749 226 1815 tatione
260 1750 380 1815 uirium
412 1771 582 1834 rerumque
619 1748 819 1814 abundantia
854 1747 1114 1813 instructissimis

103 1839 213 1922 gessit.
258 1839 316 1904 ubi
347 1839 452 1923 primo
484 1838 597 1904 statim
627 1839 749 1922 impetu
780 1835 963 1902 Gothorum
993 1840 1115 1920 pertur-

104 1927 200 1992 batae
214 1927 435 1992 Romanorum
451 1928 595 2011 equitum
615 1929 740 1991 turmae
759 1925 846 1990 nuda
863 1924 1011 2008 peditum
1029 1926 1115 1991 dese-

50 2024 84 2073 14
102 2037 194 2079 ruere
209 2015 380 2097 praesidia
406 2035 482 2079 mox
496 2015 641 2098 legiones
654 2014 745 2099 pedit
748 2037 801 2078 um
815 2013 956 2096 undique
971 2013 1117 2099 equitatu
1127 2025 1148 2068 ιι

102 2103 246 2167 hostium
263 2103 387 2166 cinctae
401 2123 439 2166 ac
452 2103 594 2184 primum
606 2102 747 2167 nubibus
762 2103 957 2188 sagittarum
971 2103 1117 2186 obrutae,

103 2189 229 2271 deinde,
258 2210 332 2253 cum
359 2194 506 2254 amentes
534 2192 624 2254 metu
652 2189 791 2274 sparsim
820 2212 879 2273 per
907 2191 1003 2255 deuia
1027 2211 1118 2277 coge-
1175 2196 1181 2211 '

103 2281 176 2340 rent
178 2299 229 2360 ur,
253 2276 359 2341 fundit
345 2280 398 2342 tus
423 2299 534 2342 caesae
558 2277 675 2363 gladiis
698 2278 926 2362 insequentum
949 2280 1118 2365 contisque

51 2377 83 2426 15
103 2327 278 2450 perierint.
316 2366 384 2451 ipse
403 2367 581 2451 imperator
599 2388 673 2432 cum
691 2366 815 2452 sagitta
838 2368 967 2432 saucius
990 2391 1118 2434 uersus

103 2479 164 2542 que
184 2457 219 2520 in
236 2455 350 2542 fugam
370 2478 465 2543 aegre
484 2457 519 2523 in
538 2457 704 2523 cuiusdam
723 2456 856 2522 uillulae
874 2477 983 2522 casam
1002 2455 1117 2542 depor·
1130 2469 1152 2513 ιι

102 2549 191 2611 tatus
220 2545 349 2630 lateret,
378 2547 419 2612 ab
447 2547 692 2633 insequentibus
715 2545 863 2611 hostibus
888 2545 1117 2630 deprehensus,

104 2636 289 2700 subiecto
279 2656 355 2721 rgne
386 2641 597 2739 consumptus
630 2640 681 2702 est
713 2638 758 2719 et,
792 2656 854 2720 quo
886 2633 993 2719 magis
1025 2635 1117 2700 testi-

103 2724 247 2787 monium
255 2725 452 2872 tpunitionis
477 2727 545 2789 eius
571 2729 604 2790 et
621 2726 751 2791 diuinae
771 2723 1006 2809 indignationis
1025 2723 1117 2788 terri·

102 2808 161 2871 bili
193 2812 334 2890 posteris
367 2814 455 2876 esset
487 2815 650 2896 exemplo,
685 2813 783 2877 etiam
816 2812 978 2877 communi
1012 2812 1117 2877 caruit

102 2895 277 2978 sepultura.
1130 2915 1155 2957 so

51 2994 83 3044 16
170 2980 365 3046 Gonsoletur
388 3005 436 3067 se,
460 2985 548 3049 sed
538 3009 572 3050 ιιι
594 2986 657 3052 hoc
681 2987 764 3070 solo,
786 2986 970 3069 peruicacia
992 2989 1117 3056 miseri-

102 3092 183 3155 aque
203 3069 383 3155 gentilium,
402 3072 478 3155 quia
497 3074 700 3155 temporibus
720 3096 737 3138 e
738 3075 901 3159 tregibus
920 3074 1117 3144 Christianis

101 3164 214 3226 tantae
246 3159 341 3225 simul
379 3162 553 3245 congestae
591 3161 699 3226 clades
736 3184 882 3265 pressam
918 3165 1117 3249 reipublicae

103 3271 277 3316 onerauere
301 3249 471 3316 ceruicem.
501 3269 631 3313 euersae
654 3251 858 3338 prouinciae,
882 3253 967 3319 delet
952 3257 1005 3318 tus
1029 3276 1116 3319 exer-

103 3340 195 3424 citus,
218 3340 396 3422 imperator
413 3339 572 3403 incensus.
608 3358 765 3422 magnum
789 3364 903 3408 reuera
925 3342 987 3407 hoc
1006 3346 1058 3407 est
1075 3344 1117 3408 ad
1130 3357 1157 3402 ec

101 3433 250 3492 nostrum
266 3427 410 3494 dolorem
425 3427 592 3513 magisque
606 3427 761 3493 miserum
778 3452 841 3514 quo
862 3431 966 3515 magis
984 3452 1116 3497 nouum.

52 3522 85 3570 1⁷
106 3515 161 3577 sed
193 3515 269 3600 quid
298 3517 360 3583 hoc
391 3518 431 3582 ad
461 3515 714 3583 consolationem
743 3518 873 3600 proficit
903 3537 1117 3602 paganorum,
