2370 3960
96 194 161 256 218
345 194 453 245 savar
472 191 594 244 oaosn
611 191 861 243 msroamavu

96 340 254 401 immensa
294 335 464 401 hominum
501 335 597 400 caede
635 331 772 400 Caesare
809 334 1019 418 oppugnante
1057 332 1112 396 uix

96 430 191 509 capta
214 428 271 488 est.

42 522 77 575 17
165 512 284 578 Caesar
298 513 437 578 Romam
457 512 561 576 rediit.
597 511 654 576 ubi
673 511 749 575 dum
767 509 964 593 reipublicae
989 511 1112 574 statum

97 605 210 667 contra
235 603 383 685 exempla
406 601 566 665 maiorum
590 599 764 665 clementer
782 599 950 681 instaurat,
973 598 1112 662 auctori-

95 692 156 754 bus
185 690 288 755 Bruto
318 694 351 755 et
379 685 516 773 Caslsio,
545 688 674 754 conscio
699 689 796 752 etiam
819 687 960 770 plurimo
985 689 1112 769 senatu,
1131 712 1150 748 1.
1164 707 1185 743 42

95 781 129 842 in
161 780 250 844 curia
282 778 402 864 uiginti
435 782 468 842 et
499 778 604 842 tribus
642 776 830 841 uulneribus
864 774 1031 840 confossus
1064 775 1112 837 in·
1141 791 1152 827 1

60 869 193 932 2teriit.
240 868 274 931 in
302 889 367 951 qua
393 866 617 931 coniuratione
644 865 745 930 fuisse
774 864 913 946 amplius
941 863 1113 947 sexaginta

97 957 245 1020 conscios
268 957 386 1020 ferunt.
425 955 487 1019 duo
511 953 606 1019 Bruti
630 957 663 1018 et
681 952 716 1019 C.
737 951 868 1018 Cassius
893 952 1012 1036 aliique
1032 952 1113 1016 socii

98 1046 219 1109 strictis
239 1044 436 1130 pugionibus
455 1044 491 1106 in
505 1040 704 1126 Capitolium
723 1044 933 1107 secesserunt.
966 1040 1022 1104 diu
1036 1040 1113 1104 deli·
1164 1058 1167 1063 ·

96 1135 243 1199 beratum
265 1137 322 1216 est,
347 1136 455 1196 utrum
475 1129 674 1214 Capitolium
697 1152 770 1195 cum
794 1128 980 1194 auctoribus
1005 1128 1111 1192 caedis
1128 1145 1152 1182 10

61 1229 76 1274 3
97 1225 262 1304 oporteret
279 1220 415 1284 incendi.
452 1241 569 1302 corpus
593 1219 660 1283 eius
684 1223 814 1301 raptum
837 1217 976 1300 populus
1000 1216 1112 1281 dolore

96 1309 317 1371 instimulatus
344 1308 379 1371 in
406 1307 477 1371 foro
506 1306 698 1390 fragmentis
726 1305 939 1371 tribunalium
970 1326 1007 1369 ao
1039 1305 1112 1368 sub-

97 1396 261 1459 selliorum
285 1395 448 1458 cremauit.

56 1493 76 1538 4
161 1482 349 1547 Peroensuit
381 1481 586 1546 latitudinem
619 1483 712 1567 regni
744 1482 794 1545 sui
826 1480 932 1546 Roma
964 1481 1111 1546 cladibus

96 1572 161 1635 suis
187 1574 282 1654 atque
306 1572 341 1634 in
360 1592 453 1634 suam
475 1593 631 1636 conuersa
649 1572 779 1636 eaedem
800 1570 946 1655 singulas
967 1591 1111 1653 quasque
1127 1586 1152 1625 15

95 1664 207 1742 gentes
231 1659 362 1743 ibidem,
386 1659 444 1725 ubi
462 1661 596 1744 domuit,
618 1660 803 1725 uindicauit.
841 1659 940 1723 Asiae
958 1657 1112 1743 Europae

95 1751 192 1831 atque
223 1748 365 1832 Africae,
396 1770 462 1813 non
493 1749 564 1814 dico
596 1750 701 1814 tribus
731 1748 842 1812 mundi
874 1747 1023 1830 partibus
1055 1747 1111 1811 sed

94 1839 172 1901 totis
203 1837 303 1899 trium
333 1837 475 1919 partium
507 1833 644 1922 anlgulis
675 1836 774 1901 edidit
804 1836 1001 1921 gladiatores
1033 1857 1109 1900 suos
1129 1855 1185 1899 1-4·

94 1925 282 2018 feriatisque
311 1925 451 1990 inimicis
483 1927 701 2008 spectaculum
731 1926 867 1989 miserae
897 1923 1030 1988 ultionis
1063 1925 1111 1987 in·

56 2025 74 2072 a
95 2013 205 2096 gessit.
233 2035 291 2077 neo
309 2018 419 2077 tamen
438 2014 557 2079 sufficit
576 2013 664 2097 ipsas
683 2036 810 2098 quoque
830 2035 902 2078 cum
922 2013 1109 2077 auctoribus
1125 2029 1152 2068 20

94 2124 209 2165 causas
232 2101 334 2165 fuisse
358 2106 582 2185 consumptam
610 2103 754 2168 recidiua
783 2102 907 2166 semina
935 2101 968 2164 in
997 2099 1111 2166 eodem

95 2210 173 2272 agro
198 2191 391 2272 germinant,
414 2211 532 2274 magna
555 2192 707 2255 continuo
730 2190 926 2254 metentibus
950 2191 1111 2254 malorum

93 2279 293 2342 incrementa
317 2300 390 2342 cum
413 2299 533 2362 magno
558 2278 675 2343 sudore
701 2279 843 2343 factura:
870 2278 975 2343 uictor
1004 2277 1111 2342 ciuilis

94 2367 171 2430 belli
194 2390 214 2430 a
237 2368 361 2432 ciuibus
383 2364 502 2430 Caesar
525 2367 689 2451 occiditur,
711 2369 746 2431 in
770 2367 900 2432 caedem
924 2367 1020 2431 unius
1043 2369 1111 2430 tra-

56 2455 216 2519 chuntur
240 2457 370 2539 agmina
394 2455 604 2520 consciorum.
650 2462 774 2521 certum
804 2457 890 2521 enim
919 2459 1003 2536 erat,
1033 2455 1110 2538 quia
1124 2471 1149 2510 25

96 2541 215 2608 Caesar
242 2544 374 2628 indigne
402 2548 589 2627 peremptus
613 2545 723 2628 plures
745 2546 867 2609 habere
891 2547 1003 2628 posset
1026 2544 1110 2608 ulto·

94 2655 158 2716 res3
196 2633 395 2716 plurimaque
426 2632 581 2697 nobilitas
611 2655 677 2698 una
708 2633 804 2697 simul
834 2636 947 2698 catena
977 2632 1109 2696 sceleris

94 2722 277 2802 copulatur,
306 2742 346 2782 ne
374 2721 459 2784 forte
483 2725 576 2784 tanta
599 2722 758 2786 malorum
781 2721 917 2784 materia
938 2740 1005 2782 non
1028 2718 1108 2781 belli

93 2808 318 2890 magnitudine
342 2809 532 2893 suppleatur
556 2810 612 2874 sed
635 2809 796 2873 uindictae
818 2807 978 2871 breuitate
997 2810 1107 2868 tenuc-

57 2907 72 2953 1
92 2898 152 2957 tur.
186 2894 333 2959 Medeam
351 2896 442 2960 illam
461 2897 590 2961 fabulae
608 2898 717 2961 ferunt
736 2896 847 2959 dentes
871 2891 1035 2976 quondam
1056 2913 1107 2956 oc·
1121 2910 1148 2950 ³0

92 2984 150 3046 cisi
170 2983 292 3046 seuisse
312 2985 480 3067 serpentis,
504 3006 521 3048 e
541 2985 657 3068 quibus
676 2984 767 3066 quasi
790 2985 965 3065 conpetens
989 2981 1107 3046 semini

8 3072 17 3091 ⁶
93 3092 184 3154 seges
213 3071 331 3135 armati
357 3071 505 3137 homines
533 3076 621 3137 terra
648 3071 838 3136 emerserint
868 3091 1001 3155 seseque
1031 3093 1108 3136 mox

56 3170 72 3218 8
92 3161 229 3224 inuicem
252 3160 427 3244 pugnando
451 3161 695 3243 prostrauerint.
742 3160 889 3245 equidem
911 3160 974 3225 hoc
997 3163 1107 3244 poeta-

92 3272 164 3312 rum
188 3254 370 3313 commenta
388 3249 561 3332 finxerunt3
584 3251 697 3313 nostra
715 3253 825 3314 autem
844 3248 950 3315 Roma
969 3245 1108 3314 Caesare

93 3339 199 3402 occiso
229 3341 352 3422 quanta
379 3337 418 3402 de
446 3338 607 3402 cineribus
636 3338 704 3402 eius
728 3338 861 3423 agmina
885 3341 1011 3402 armata
1033 3359 1106 3419 par·
1121 3353 1148 3393 ³5

91 3427 197 3490 turiitl
237 3430 359 3510 quanta
385 3427 473 3490 bella
499 3427 534 3490 in
557 3427 780 3491 testimonium
802 3427 939 3492 miserae
961 3424 1108 3490 fecundi-

91 3515 169 3577 tatis
199 3536 266 3578 non
295 3515 432 3600 legenda
461 3516 569 3599 pueris
601 3515 656 3580 sed
687 3516 865 3599 spectanda
893 3513 1023 3600 populis
1054 3534 1106 3578 ex·
