2370 3960
327 217 523 270 nnvnasvn
539 217 705 270 rnonuos
724 219 781 269 1111
800 223 824 273 o.
846 224 886 274 ro.
1050 217 1113 301 117

101 382 170 424 esse
202 381 315 444 pacem
348 383 368 424 a
395 359 552 425 Romanis
583 361 803 426 decreuerunt
849 363 889 426 ad
921 385 1018 448 quam
1045 387 1114 430 rem

89 449 236 515 ¹Atilium
259 448 422 534 Regulum
451 453 547 514 antea
570 449 682 514 ducem
705 448 904 535 Romanum,
929 474 1025 536 quem
1048 454 1114 518 iam

101 559 158 620 per
182 538 324 621 quinque
348 560 450 604 annos
473 538 638 622 captiuum
661 537 859 623 detinebant,
882 539 968 605 inter
991 545 1114 608 ceteros

100 626 226 711 legatos
257 627 430 710 praecipue
460 627 652 691 mittendum
684 630 895 710 putauerunt:
926 651 1020 713 quem
1048 652 1116 696 non

74 715 277 798 simpetrata
303 735 383 798 pace
412 714 572 779 abitalia
599 736 764 779 reuersum
791 717 925 781 resectis
950 717 1115 801 palpebris

100 802 274 886 inligatum
287 803 322 867 in
337 802 488 868 maehina
502 803 671 889 uigilando
681 807 888 871 necauerunt.
906 805 990 869 alter
1000 806 1115 872 deinde
1134 816 1151 865 2

101 891 223 956 Atilius
242 891 388 978 Regulus
409 895 441 956 et
458 890 600 957 Manlius
619 891 751 977 Vulsco,
770 893 866 958 ambo
886 893 937 958 bis
957 896 1116 980 consules,

102 1001 174 1044 curn
199 981 302 1045 classe
325 980 537 1046 ducentarum
555 981 689 1045 nauium
707 984 741 1045 et
759 984 912 1066 quattuor
931 983 1115 1068 legionibus

100 1067 293 1152 Lilybaeum
329 1069 480 1154 profecti:
517 1069 602 1153 quod
638 1069 794 1153 oppidum
826 1070 861 1135 in
892 1073 1115 1155 promuntorio

10 1184 32 1222 n·
49 1173 89 1212 242
104 1154 213 1222 sillum
236 1157 379 1223 Romani
407 1157 553 1223 obsidere
577 1159 697 1241 conati,
721 1159 968 1243 superueniente
991 1159 1115 1225 Hanni-

63 1263 87 1301 11
103 1246 176 1310 bale
200 1247 256 1330 qui
277 1245 475 1311 Hamilcaris
498 1247 584 1311 filius
608 1246 671 1311 fuit
693 1247 786 1332 uicti,
812 1249 934 1312 maiore
957 1249 1115 1313 exercitus

103 1335 153 1398 sui
176 1337 268 1418 parte
291 1334 419 1418 perdita
442 1335 505 1418 ipsi
524 1355 619 1419 aegre
639 1339 820 1400 euaserunt.
851 1339 928 1420 post
945 1336 1006 1402 hos
1021 1335 1114 1402 Olau-
1134 1345 1150 1394 3

103 1423 175 1487 dius
199 1424 312 1488 consul
334 1444 408 1488 cum
428 1423 529 1487 classe
548 1425 814 1508 centumuiginti
832 1425 964 1490 nauium
985 1426 1025 1489 ad
1039 1425 1117 1490 Dre-

103 1511 182 1594 pani
211 1514 343 1595 portum
371 1514 483 1576 contra
510 1511 640 1577 hostem
666 1513 845 1595 profectus:
877 1513 934 1578 ubi
961 1536 1037 1579 mox
1065 1536 1116 1579 ex·

62 1614 88 1655 1⁶
103 1602 218 1682 ceptus
255 1601 357 1664 classo
389 1599 572 1665 Poenorum
609 1603 842 1685 superatusque
874 1603 932 1666 est.
983 1605 1015 1666 et
1046 1603 1116 1685 ipse

101 1686 232 1771 quidem
254 1709 328 1753 cum
346 1688 482 1773 triginta
499 1688 637 1753 nauibus
650 1687 845 1770 Lilybaeum
863 1688 896 1751 in
916 1692 1023 1752 castra
1041 1711 1115 1753 con·

101 1774 198 1860 fugit,
220 1777 363 1861 reliquae
383 1798 503 1860 omnes,
521 1777 554 1840 id
574 1779 624 1840 est
641 1776 829 1859 nonaginta,
853 1778 909 1839 aut
927 1779 1040 1860 captae
1060 1779 1116 1840 aut

102 1863 268 1928 demersae
295 1865 439 1948 fuerunt3
472 1868 544 1930 coto
571 1864 662 1929 milia
689 1863 830 1928 militum
854 1877 964 1945 caesa,
995 1863 1116 1948 uiginti

103 1952 195 2017 milia
224 1955 319 2037 capta
340 1953 531 2018 referuntur.
578 1951 678 2018 Gaius
703 1973 829 2037 quoque
852 1951 966 2016 Iunius
990 1952 1116 2039 collega

61 2039 217 2106 rotlandi
240 2042 426 2106 uniuersam
451 2042 586 2106 classem
609 2040 781 2126 naufragio
806 2040 924 2107 amisit.

170 2128 267 2194 Anno
294 2130 392 2197 eliam
416 2130 626 2214 consequenti
649 2131 760 2194 classis
784 2129 906 2194 Punica
928 2129 963 2193 in
986 2127 1152 2194 Italiam4

101 2217 235 2282 transiit
253 2218 384 2301 eiusque
402 2219 559 2301 plurimas
578 2222 687 2301 partes
706 2217 805 2302 longe
818 2218 948 2302 lateque
962 2219 1116 2284 uastauit.

101 2305 227 2370 interca
253 2305 404 2370 Lutatius
437 2328 510 2370 cum
543 2306 646 2371 classe
677 2309 894 2370 trecentarum
919 2307 1054 2371 nauium
1082 2307 1151 2370 int

102 2390 250 2457 Siciliam
280 2397 485 2460 transuectus
519 2393 595 2459 dum
623 2394 707 2479 apud
735 2393 921 2478 Drepanam
950 2395 1116 2459 ciuitatem

61 2497 87 2538 2⁵
102 2495 247 2567 pugnam
273 2482 359 2548 inter
385 2483 544 2568 primores
573 2483 650 2566 ciet,
677 2482 834 2547 transfixo
862 2481 984 2547 femore
1008 2503 1115 2565 aeger-

102 2571 193 2655 rime,
219 2593 293 2635 cum
315 2571 382 2635 iam
405 2572 606 2655 obrueretur,
629 2574 757 2653 ereptus
782 2572 840 2635 cst.
885 2590 980 2653 porro
1006 2568 1151 2632 auterno

103 2658 206 2723 Poeni
227 2681 303 2733 oum
324 2660 569 2745 quadringentis
589 2658 727 2723 nauibus
746 2657 936 2745 magnisque
955 2656 1057 2740 copiis
1077 2656 1117 2721 ad

103 2745 248 2812 Siciliam
277 2747 355 2813 duce
378 2747 539 2813 Hannone
563 2750 766 2813 concurrunt.
810 2767 869 2810 nec
892 2745 1043 2810 Lutatius
1067 2767 1117 2810 se-

102 2835 213 2919 gnior,
241 2836 343 2901 immo
369 2835 504 2902 consilia
526 2836 710 2901 Poenorum
732 2835 816 2899 mira
839 2834 1002 2900 celeritate
1025 2856 1116 2918 prae-

10 2951 32 2987 υ.
47 2939 87 2978 2⁴³
102 2919 212 2987 uelnit.
239 2927 414 3009 postquam
431 2924 578 3008 proxime
595 2924 659 2988 sibi
672 2927 883 3007 utrorumque
897 2924 1018 2989 classes
1033 2921 1118 3006 apud

59 3028 85 3066 ³1
101 3010 252 3095 Aegades
280 3011 405 3078 insulas
434 3015 618 3096 pertotam
641 3015 770 3077 noctem
793 3012 976 3076 intertextis
999 3032 1116 3094 prope·

98 3098 233 3164 modum
257 3102 406 3167 anchoris
430 3101 654 3184 constiterunt,
678 3103 749 3166 orta
768 3102 839 3166 luce
857 3101 946 3184 prior
964 3098 1115 3163 Lutatius

99 3187 230 3273 signum
253 3189 338 3253 bello
362 3188 458 3254 dedit.
499 3188 706 3254 crudescente
729 3209 841 3273 pugna
864 3189 968 3253 uictus
992 3185 1147 3248 Hannon

97 3296 218 3341 nauem
248 3277 367 3342 auertit
396 3280 429 3342 et
458 3277 523 3342 dux
549 3276 647 3363 fugae
675 3277 798 3361 primus
827 3276 899 3340 fuit.
945 3274 1115 3361 aliquanta

57 3381 83 3421 ⁸⁶
98 3385 172 3429 cum
200 3386 238 3430 eo
266 3386 342 3448 pars
366 3366 525 3430 exercitus
549 3367 599 3431 sui
621 3364 767 3430 Africam
791 3364 897 3446 petiit,
926 3361 982 3424 alii
1005 3360 1115 3425 confu-

99 3473 176 3539 gere
189 3452 396 3538 Lilybaeum3
416 3454 585 3540 sexaginta
603 3457 636 3518 ct
649 3456 716 3518 tres
730 3451 870 3516 Punicae
884 3471 984 3513 naues
1000 3453 1114 3535 captae

99 3545 188 3626 sunt,
216 3545 347 3607 centum
375 3541 494 3628 uiginti
521 3542 661 3628 quinque
685 3541 862 3622 demersae,
889 3537 1028 3623 triginta
1052 3537 1112 3602 duo
