2370 3960
95 163 159 227 228
336 160 445 214 PAVLI
464 161 588 213 OROSII
605 161 854 213 HISTORIARVM

36 314 72 368 al
160 305 264 370 lAnno
279 306 319 370 ab
334 304 937 387 111111111111111111111111111111
953 303 1100 388 Augusto
1114 318 1172 368 1444

89 394 228 459 Caesare
258 394 362 458 sexies
391 398 423 458 et
451 394 503 458 bis
526 393 571 458 M.
594 391 742 478 Agrippa
771 392 961 458 oonsulibus
986 389 1104 458 Caesar

88 505 204 567 parum
227 483 261 545 in
280 479 440 566 Hispania
463 505 520 566 per
543 481 697 546 ducentos
721 502 823 545 annos
847 484 956 545 actum
979 481 1105 546 intelle·

89 592 181 653 gens,
214 571 242 634 si
272 568 454 635 Cantabros
486 575 583 654 atque
614 570 764 651 Astures,
797 568 876 634 duas
906 568 1105 635 fortissimas

91 658 271 742 Hispaniae
290 663 411 744 gentes,
435 659 502 723 suis
521 659 569 722 uti
587 658 715 742 legibus
735 658 864 741 sineret,
888 658 1016 741 aperuit
1035 657 1105 723 Iani
1129 673 1139 715 ὁ

91 753 203 831 portas
223 752 319 832 atque
338 749 371 812 in
390 747 567 831 Hispanias
586 747 655 829 ipse
678 768 749 811 cum
775 746 917 811 exercitu
940 747 1106 830 profectus

58 839 153 901 aest.
191 834 346 901 Cantabri
371 840 403 900 et
425 836 561 900 Astures
585 834 767 900 Callaeciae
789 835 976 918 prouinciae
999 836 1106 919 portio

92 929 180 1008 sunt,
209 947 273 1008 qua
300 928 467 989 extentum
490 923 650 1008 Pyrenaei
677 923 790 1008 iugum
812 922 899 987 haud
922 925 1036 1008 procul
1060 945 1106 989 se·

59 1015 199 1077 scando
233 1013 361 1078 Oceano
394 1014 454 1078 sub
488 1013 707 1096 septentrione
742 1010 919 1077 deducitur.
974 1012 1009 1077 bi
1041 1034 1108 1077 non

92 1104 196 1167 solum
224 1103 391 1186 propriam
419 1101 552 1165 libertat
503 1104 604 1165 tatem
632 1101 716 1164 tueri
738 1099 848 1184 parati
870 1121 984 1164 uerum
1008 1101 1105 1166 etiam
1121 1117 1143 1158 1⁰

91 1191 173 1254 finit'
150 1197 304 1255 timorum
325 1191 509 1273 praeripere
531 1189 612 1273 ausi,
628 1188 852 1254 Vaccaeost
819 1210 836 1252 e
837 1187 1070 1342 t'l'urmogos¹⁵
1077 1193 1109 1254 et

91 1278 291 1364 Aut'tr1gonas
316 1278 459 1343 adsiduis
479 1282 573 1360 erupt
559 1240 702 1342 tionibus
722 1277 1017 1360 populabantur.
1007 1277 1070 1362 rgit
1070 1300 1108 1342 ur

92 1366 209 1432 Caesar
234 1367 320 1450 apud
343 1365 542 1451 Segisamam
567 1369 637 1430 cast
638 1388 676 1431 ra
697 1366 853 1450 posuit,t
839 1365 944 1429 tribus
969 1367 1108 1450 agmini-

57 1457 215 1520 4bust0
182 1461 286 1520 totam
309 1476 411 1556 paene
435 1455 602 1538 amplexus
626 1453 709 1520 Cant
695 1454 843 1535 tabriam
890 1454 944 1518 din
967 1454 1017 1519 111
1002 1456 1105 1539 tigato

47 1592 49 1596 »
89 1547 212 1607 trustra
245 1544 382 1628 atque
373 1566 408 1607 1n
441 1543 620 1626 pericnlum
654 1565 748 1626 saepe
781 1542 917 1607 deducto
883 1544 1105 1627 texercitn,
1120 1558 1143 1599 1⁵

87 1634 218 1697 tandem
243 1633 283 1697 ab
308 1633 504 1716 Aquitanico
528 1633 602 1697 sinu
624 1654 683 1715 per
702 1629 865 1696 Oceanum
888 1631 1027 1696 incautis
1046 1631 1104 1696 ho-

88 1722 191 1786 stibus
220 1722 385 1787 admoueri
417 1722 554 1786 classem
583 1724 679 1804 atque
709 1720 828 1802 exponi
857 1719 967 1803 copias
998 1721 1101 1786 iubet.

52 1814 164 1874 511111
192 1811 321 1874 demum
345 1808 500 1874 Cantabri
528 1811 588 1875 sub
612 1810 781 1874 moenibus
807 1807 933 1872 Atticae
957 1808 1099 1874 maximo

88 1899 252 1982 congressi
280 1898 366 1962 bello
395 1901 428 1961 et
458 1894 543 1962 luicti
571 1899 605 1961 in
627 1896 784 1962 Vinnium
813 1899 957 1960 montem
980 1903 1099 1963 natura
1111 1909 1178 1961 1441

87 1988 287 2050 tutissimum
315 1984 544 2068 confugerunt,
574 1985 629 2049 ubi
657 1984 832 2050 obsidionis
860 1984 946 2049 fame
975 1985 1016 2049 ad
1047 2007 1099 2051 ex·
1114 2003 1139 2042 20

87 2078 225 2136 tremum
253 2094 355 2155 paene
386 2074 568 2173 consumpti
592 2076 676 2136 sunt.
655 2072 883 2147 tRacilium
907 2072 1021 2138 deinde
1044 2097 1101 2158 op·

88 2161 198 2243 pidum
222 2180 342 2244 magna
364 2161 398 2224 ui
422 2182 459 2225 ac
482 2160 537 2224 diu
559 2181 754 2244 repugnans,
777 2164 943 2244 postremo
967 2166 1100 2247 captum

54 2262 69 2310 1
89 2270 125 2312 11
149 2248 236 2311 dirnt
222 2252 292 2312 tum
315 2251 373 2313 111.
410 2251 576 2331 praeterea
594 2249 764 2313 ulteriores
784 2247 964 2316 Callaeciae
983 2256 1103 2336 partes,

89 2359 170 2439 quae
194 2340 286 2401 mont
271 2337 358 2402 tibus
383 2336 536 2422 siluisque
560 2337 705 2404 consitae
724 2335 892 2404 Oceanot
877 2341 1103 2423 terminantur,

90 2427 167 2491 Ant
158 2430 202 2490 ist
203 2449 253 2491 rus
273 2429 305 2491 e
291 2425 462 2492 tFirmius
486 2427 590 2512 legati
613 2427 742 2511 magnis
767 2428 983 2512 gradibusque
1006 2428 1103 2494 bellis
1118 2443 1143 2484 2⁵

58 2529 73 2576 r
93 2517 353 2600 perdomuerunt.
390 2538 467 2581 nam
490 2521 523 2581 et
545 2515 735 2581 Medullium
758 2520 902 2583 montem
925 2515 1028 2581 Minio
1047 2518 1105 2582 flu·

91 2607 171 2669 mini
198 2606 425 2690 inminentem,
452 2606 487 2670 in
514 2629 590 2690 quo
601 2627 635 2670 se
658 2625 779 2691 magna
801 2605 870 2669 mul
872 2605 977 2669 titudo
1000 2605 1106 2670 homi-

90 2717 169 2757 num
201 2696 369 2779 tuebatur,
402 2718 460 2778 per
493 2695 675 2796 quindecim
706 2695 798 2759 milia
829 2715 982 2777 passuum
1014 2693 1106 2758 fossa

57 2794 72 2842 8
92 2784 361 2867 circumsaeptum
377 2783 737 2848 obsidionecmxerunt
768 2782 878 2864 itaque
897 2780 952 2844 ubi
972 2801 1005 2843 se
1024 2800 1104 2862 gens

91 2870 260 2934 hominum
288 2875 362 2935 trux
390 2875 507 2935 natura
535 2874 568 2936 et
594 2871 687 2936 ferox
714 2891 817 2953 neque
840 2866 1027 2932 tolerandae
1051 2869 1107 2968 ob·
1122 2887 1149 2928 11

93 2957 211 3021 1111111
235 2957 397 3024 sufficient
383 2963 448 3023 tem
471 2981 575 3042 neque
600 2959 802 3045 suscipiendo
821 2956 909 3021 bello
928 2978 1038 3040 parem
1057 2956 1106 3021 in·

92 3047 228 3131 tellegit,
206 3046 293 3110 tad
316 3047 535 3113 uoluntariam
554 3051 694 3112 mortem
713 3045 879 3113 seruitutis
898 3045 1016 3112 timore
1035 3067 1108 3112 con·

94 3137 203 3199 currit.
249 3151 325 3200 nam
355 3158 388 3200 se
415 3156 517 3218 paene
546 3156 658 3199 omnes
687 3135 836 3200 certatim
859 3135 936 3221 igne
959 3136 1045 3201 ferro
1069 3159 1107 3202 ac

62 3236 77 3283 1
97 3246 221 3288 111111
239 3226 446 3288 necauerunt.
483 3222 621 3288 Astures
643 3245 721 3289 uero
745 3224 861 3308 positis
886 3225 1001 3291 castris
1024 3226 1110 3309 apud

95 3312 251 3376 Asturam
279 3312 399 3376 flumen
426 3310 606 3394 Romanos,
633 3312 698 3375 nisi
725 3313 847 3396 proditi
876 3314 1106 3397 praeuentique
1122 3329 1149 3371 11

98 3405 215 3482 essent,
239 3402 366 3486 magnis
390 3399 533 3465 consiliis
553 3399 742 3483 uiribusque
761 3401 1005 3485 oppressissent.
1041 3403 1108 3466 tres

94 3487 221 3569 legatos
240 3510 312 3553 cum
331 3488 511 3573 legionibus
532 3487 598 3552 suis
617 3487 651 3551 in
666 3488 731 3552 tria
745 3495 853 3555 castra
867 3488 988 3554 diuisos
1003 3487 1108 3555 tribus
