2370 3960
118 182 184 249 104
367 187 475 238 PAVLI
493 185 616 240 OROSII
633 187 883 240 HISTORIARVM

82 340 99 388 0
186 328 276 392 Tune
295 349 422 413 quoque
442 328 527 412 apud
545 328 711 394 Romanos
726 328 861 394 Sextilia
879 330 972 413 uirgo
987 329 1134 394 Vestalis

116 415 266 480 conuieta
289 416 507 501 damnataque
529 417 645 481 inoesti
669 417 709 481 ad
727 421 857 500 portam
875 415 1038 482 Collinam
1057 420 1136 484 uiua

63 528 71 541 ·
115 505 245 568 defossa
268 507 326 568 est.

80 599 98 651 3
185 589 288 656 lAnno
303 592 354 656 -ab
378 578 458 657 arbe
477 592 605 657 condita
624 608 806 657 ccecuxxv
825 592 995 658 Tarentini
1014 594 1136 677 Pyrrhi
1149 626 1170 663 0.

114 684 220 744 morte
265 684 420 764 conperta
460 681 579 744 iterum
621 702 709 745 noua
750 681 921 746 aduersum
962 682 1134 749 Romanos
1162 704 1174 744 a

115 790 206 833 arma
234 768 424 852 sollicitant,
457 766 777 852 Carthaginiensium
809 770 930 835 auxilia
958 791 1017 853 per
1044 770 1135 855 lega·

79 861 167 922 atos
196 860 336 942 poscunt
364 860 461 940 atque
489 858 663 941 accipiunt.
703 861 850 923 conserto
876 857 999 944 proelio
1025 858 1136 924 uicere

115 945 271 1010 Romani:
293 945 350 1009 ubi
372 946 440 1010 iam
462 949 541 1010 tune
560 945 857 1032 Carthaginienses,
880 948 1029 1032 quamuis
1052 969 1135 1013 non-

116 1035 193 1099 dum
212 1034 323 1099 hostes
342 1033 528 1121 adiudicati,
546 1037 635 1102 uinci
652 1040 763 1101 tamen
783 1036 972 1102 aRomanis
988 1058 1022 1101 se
1036 1057 1134 1120 posse

116 1125 294 1187 senserunt.
1150 1147 1176 1186 ιο

80 1224 96 1270 3
184 1210 340 1295 Sequenti
368 1233 453 1276 anno
480 1233 636 1296 magnam
663 1215 824 1278 uiscerum
849 1234 982 1278 suorum
1005 1217 1134 1298 partem

80 1300 273 1363 4seueritas
302 1299 451 1364 Romana
481 1301 630 1365 concidit.
677 1323 754 1364 nam
786 1301 984 1366 aduentante
1012 1302 1134 1366 dudum

115 1387 243 1470 Pyrrho
272 1392 388 1453 octaua
415 1389 501 1473 legio
530 1388 680 1453 diffidens
702 1389 869 1454 Romanae
898 1392 981 1474 spei,
1011 1412 1134 1456 nouum

116 1476 221 1540 soelus
251 1499 330 1541 ausa
353 1476 554 1561 Reginenses
578 1498 703 1561 omnes,
732 1478 847 1561 quibus
872 1478 1017 1544 subsidio
1041 1501 1132 1563 prae·

116 1569 196 1643 erat,
219 1565 389 1650 interfecit,
412 1566 566 1649 praedam
589 1566 653 1630 sibi
676 1587 805 1630 omnem
829 1570 927 1651 atque
950 1569 1057 1650 ipsum
1076 1589 1132 1651 op·
1148 1590 1174 1628 15

79 1653 228 1737 opidum
256 1655 443 1719 uindicauit.
488 1654 550 1718 hoe
576 1654 703 1719 facinus
731 1655 765 1719 in
792 1659 860 1720 tam
884 1657 1056 1720 sceleratos
1082 1657 1133 1721 de-

115 1744 255 1808 fectores
283 1743 481 1827 puniendum
505 1742 647 1809 Cenueio
676 1745 803 1809 consuli
825 1745 950 1808 iussum
973 1748 1031 1808 est.
1077 1747 1133 1829 qui

117 1833 250 1898 obsessa
272 1832 471 1918 Reginorum
499 1833 579 1896 urbe
607 1833 775 1918 captisque
799 1834 948 1898 omnibus
971 1833 1040 1916 ipse
1064 1835 1133 1916 qui·

118 1916 199 1985 ldem
226 1923 260 1985 in
287 1922 428 2005 reliquos
454 1921 609 2005 perfugas
638 1926 671 1985 et
698 1922 843 1986 latrones
867 1921 1008 1986 exercuit
1031 1920 1131 2005 digna
1145 1953 1168 1990 0.

116 2009 285 2093 supplioia,¹
307 2009 473 2074 Romanos
496 2030 573 2072 uero
597 2009 719 2074 milites
742 2011 889 2096 integrae
907 2009 1045 2094 legionis
1065 2009 1131 2074 Ro·
1146 2032 1174 2070 ao

115 2118 204 2159 mam
235 2097 339 2162 misit:
372 2098 426 2182 qui
458 2097 572 2181 populi
604 2097 694 2162 iussu
727 2099 833 2164 medio
866 2100 900 2164 in
929 2100 1001 2164 foro
1029 2099 1131 2184 uirgis

115 2185 201 2248 eaesi
225 2188 301 2248 sunt
324 2186 490 2271 securique
513 2186 668 2270 percussi.

81 2287 96 2334 6
181 2272 264 2337 Visa
292 2274 356 2338 sibi
384 2278 434 2339 est
461 2278 538 2339 tuno
565 2275 671 2340 Roma
698 2275 839 2359 uincere,
869 2286 943 2340 oum
970 2277 1131 2360 legionem

116 2384 209 2425 suam
230 2362 392 2447 integram
417 2363 548 2447 oceidit,
576 2385 659 2448 quae
683 2363 751 2428 siue
776 2363 872 2429 dubio
896 2366 986 2430 uicta
1007 2365 1131 2448 fuisset,

116 2451 144 2514 si
167 2471 239 2515 eam
262 2451 375 2517 hostili
396 2453 522 2535 proelio
545 2451 748 2536 perdidisset.
853 2457 855 2461 ’
1145 2474 1171 2514 aa

80 2545 100 2601 4
183 2539 279 2605 Anno
298 2541 339 2605 ab
357 2540 437 2605 urbe
455 2541 585 2606 condita
605 2557 835 2607 occenxxrrrr
851 2542 992 2607 obscena
1010 2546 1043 2607 et
1062 2543 1132 2606 dira

114 2628 266 2712 prodigia
297 2629 350 2694 uel
380 2629 453 2694 uisa
480 2627 604 2694 Rornae
635 2632 689 2695 uel
721 2631 871 2696 nuntiata
904 2633 1006 2696 sunt:
1035 2631 1130 2695 aedes

68 2756 70 2765 ·
116 2713 237 2780 Salutis
264 2718 329 2781 ictu
357 2717 504 2781 fulminis
528 2716 700 2799 dissoluta,
727 2741 803 2802 pars
826 2719 910 2781 muri
934 2718 993 2781 sub
1018 2716 1130 2780 eodem

79 2804 185 2868 alooo
210 2805 249 2868 de
272 2806 371 2889 eaelo,
393 2809 431 2870 ut
454 2805 573 2889 dieunt,
596 2809 685 2869 taeta
707 2809 766 2871 est.
802 2806 871 2888 lupi
893 2808 960 2868 tres
985 2805 1060 2867 ante
1083 2804 1129 2867 lu-

115 2913 183 2956 cem
202 2892 342 2977 ingressi
359 2895 483 2978 urbem,
506 2914 666 2958 semesum
686 2893 823 2957 cadauer
840 2892 1021 2977 intulerunt
1040 2913 1129 2975 spar-
1143 2914 1170 2952 ao

115 3002 249 3064 sumque
286 2983 494 3047 membratim
525 2982 559 3046 in
589 2981 662 3045 foro
694 2981 758 3064 ipsi
791 2980 928 3064 strepitu
959 2980 1129 3046 hominum

80 3083 95 3130 3
116 3069 260 3133 exterriti
281 3071 494 3155 reliquerunt.
527 3069 614 3154 apud
632 3068 781 3134 Formias
799 3069 911 3134 multis
928 3069 1048 3136 ictibus
1066 3072 1130 3136 ful-

116 3159 239 3222 minum
271 3159 400 3224 moenia
432 3159 575 3244 undique
607 3158 758 3223 ambusta
789 3161 823 3222 et
855 3159 1014 3226 dissoluta
1044 3165 1128 3225 sunt.

80 3262 97 3307 4
116 3247 202 3331 apud
226 3268 340 3332 agrum
354 3245 510 3313 Calenum
533 3250 667 3330 repente
684 3245 817 3312 flamma
835 3248 936 3316 scisso
955 3249 1047 3314 hiatu
1066 3253 1128 3312 ter·

115 3358 171 3400 rae
199 3340 346 3402 emotata
370 3337 474 3401 tribus
498 3336 610 3400 diebus
633 3334 803 3445 tribifflue
826 3339 979 3404 noctibus
1000 3335 1128 3401 terribi·
1143 3353 1169 3392 aa

115 3423 191 3489 liter
215 3430 416 3510 exaestuans,
439 3425 579 3510 quinque
603 3424 673 3509 agri
690 3423 806 3509 iugera
824 3426 980 3492 exhausto
999 3423 1128 3508 penitus

115 3534 192 3578 suco
219 3515 375 3580 ubertatis
397 3515 434 3579 in
456 3515 596 3580 oinerem
620 3513 784 3597 extorruit,
807 3515 856 3580 ita
878 3519 916 3579 ut
934 3535 1001 3578 non
1018 3511 1129 3596 fruges

320 3757 476 3935 „y
