2370 3960
90 173 155 236 318
330 171 438 222 PAVLI
456 170 581 221 OROSII
598 169 846 222 HISTORIARVM

162 313 221 366 VII.
252 311 344 365 Galba
361 309 512 380 imperium
532 310 588 364 sibi
606 309 682 380 apud
700 309 868 378 Hispaniam
885 327 919 364 us
975 327 1024 365 ans
1040 324 1090 363 mox

90 387 208 438 Romam
230 381 310 437 uenit
333 385 363 437 et
386 380 506 452 septimo
525 397 621 436 mense
639 380 786 462 iugulatus
804 382 855 435 est.
894 380 931 436 de
987 381 1056 436 hone
1070 381 1091 434 et

92 454 205 508 Vitellio
221 455 307 523 atque
320 452 505 522 Vespasiano,
524 452 573 521 qui
587 452 708 522 impensa
721 451 805 520 simul
824 453 909 521 atque
929 468 1008 508 arma
1024 468 1092 522 rapu-

89 528 177 580 erunt.
208 524 242 578 de
252 523 364 579 Vitellii
374 523 542 579 crudelitate
553 525 582 578 et
591 523 670 592 quali
678 524 770 578 morte
780 522 870 577 uitam
880 522 995 579 finierit.
1015 522 1092 595 [851]

159 604 231 659 VIII.
260 604 302 659 De
317 604 388 659 duce
402 603 578 673 Vespasiano
598 605 627 657 et
645 602 680 656 de
698 601 820 669 Iudaeis,
840 602 889 671 qui
903 603 1037 658 extinctis
1049 604 1095 658 lto-
1141 590 1144 609 ¹

88 676 180 729 mauis
194 675 345 745 praesidiis
358 675 486 745 legatum
496 673 594 743 Syriae
610 673 754 755 suppetias
764 673 903 728 ferentem
912 677 998 744 rapta
1012 673 1097 744 aquila

88 753 113 801 ct
137 748 227 801 caesis
247 747 335 816 copiis
353 747 537 815 fugauerunt,
557 746 587 799 et
603 744 722 813 rehqua.
760 744 796 799 de
814 745 935 815 Iosepho
955 745 1057 800 Iudaeo
1074 746 1098 800 et

88 818 152 872 Tito
176 821 205 872 et
229 818 374 872 euersione
397 816 499 886 templi
522 815 605 870 etde
624 832 741 870 numero
760 814 975 870 interfectorum
993 817 1039 872 uel
1055 833 1098 887 per

88 893 181 944 totum
205 890 302 943 orbem
324 888 521 958 dispersorum.
559 887 749 956 Vespasianus
773 889 803 942 et
826 885 908 941 Titus
932 887 969 941 de
995 887 1099 942 Iudaeis

91 961 265 1030 triumphum
285 963 402 1029 agentes
416 959 515 1012 urbem
533 957 655 1028 ingressi
675 960 748 1012 sunt.
781 957 866 1012 bellis
886 975 920 1012 ac
938 959 1101 1014 tumultibus

89 1031 256 1100 compressis
280 1033 358 1085 sexto
382 1030 467 1084 lanus
492 1029 640 1083 clauditur.
679 1028 781 1083 deinde
804 1045 850 1083 res
873 1029 991 1097 publica
1008 1030 1040 1084 in
1055 1029 1102 1084 irn-

89 1120 218 1156 mensum
236 1101 415 1172 prouehitur:
435 1101 575 1169 siquidem
593 1099 712 1166 Achaia,
732 1099 829 1168 Lycia,
848 1099 980 1168 Rhodus,
1000 1101 1101 1172 Byzan-

90 1173 175 1241 tium,
201 1174 313 1239 Samus,
337 1172 468 1240 Thracia,
494 1170 605 1238 Cilicia,
631 1169 819 1240 Commagene
838 1170 976 1225 Romanis
996 1172 1102 1242 legibus

88 1246 251 1311 paruerunt,
266 1245 323 1296 tres
338 1243 470 1296 ciuitates
482 1241 567 1310 Cypri
580 1243 671 1295 terrae
686 1243 765 1295 motu
780 1243 946 1295 corruerunt
962 1244 992 1297 et
1005 1260 1104 1313 magna

89 1313 256 1381 pestilentia
269 1313 375 1366 Romae
389 1312 451 1365 fuit.
481 1311 672 1381 Vespasianus
685 1311 834 1385 profluuio·
843 1313 953 1366 uentris
973 1316 1018 1368 est
1035 1331 1103 1369 mor-

86 1387 159 1436 tuus.
203 1389 277 1448 9§1

157 1385 244 1507 Vim.
271 1383 352 1506 lhtus
366 1452 480 1506 biennio
495 1454 562 1522 post
570 1452 777 1522 Vespasianum
790 1453 931 1523 regnauit.
960 1457 1023 1510 tarn
1032 1458 1103 1510 tran·

86 1523 190 1591 quillus
208 1524 264 1578 fuit
282 1527 313 1577 ut
331 1523 436 1578 nullius
455 1523 622 1594 sanguinem
640 1523 670 1576 iu
688 1523 808 1594 imperio
823 1541 873 1578 suo
887 1525 1004 1582 fuderit.
1040 1529 1104 1582 tunc

85 1595 191 1649 Romae
207 1598 269 1650 orto
284 1594 414 1650 incendio
429 1595 567 1664 plurimae
582 1595 665 1649 aedes
675 1598 871 1649 concrematae
882 1599 956 1650 sunt.
986 1600 1104 1668 abrupto

85 1666 166 1720 Bebii
182 1668 250 1791 [sica
260 1667 364 1722 montis
379 1666 486 1721 uertice
500 1682 605 1737 magna
618 1665 828 1735 profunduntur
845 1665 982 1721 incendia
1000 1672 1104 1723 torren-

85 1737 217 1805 tibusque
252 1755 407 1792 ammarum
420 1737 516 1792 uicina
529 1737 654 1807 regionis
669 1736 763 1791 deleta
778 1739 850 1791 suut.
873 1736 956 1791 Titus
965 1738 997 1793 in
1008 1741 1105 1795 eadem

86 1809 164 1877 uilla,
185 1827 241 1878 qua
258 1811 340 1879 pater
359 1808 427 1877 eius,
447 1809 545 1862 morbo
565 1809 731 1877 absumptus
750 1810 801 1862 est.
832 1809 860 1879 [9
877 1814 892 1874 ς
909 1811 956 1881 13]

157 1891 191 1944 X.
220 1890 263 1943 De
281 1887 444 1943 Domitiano
462 1889 549 1942 fratre
568 1888 633 1942 Titi.
666 1888 712 1941 hic
731 1887 806 1942 enim
824 1904 875 1956 per
892 1890 988 1943 totum
1009 1891 1103 1946 orbem

86 1961 235 2014 ecclesiam
250 1959 355 2014 Christi
368 1960 590 2029 persequebatur
608 1962 637 2012 et
656 1958 800 2012 dominum
814 1975 843 2013 se
856 1960 956 2013 uocari
972 1978 1007 2016 ac
1022 1963 1104 2017 deum

85 2031 170 2084 scribi
186 2030 295 2098 colique
308 2029 399 2085 iussit.
432 2029 468 2082 de
482 2029 676 2099 persecutione
692 2029 822 2098 secunda,
842 2031 956 2098 quando
975 2033 1104 2088 beatissi-

85 2119 147 2153 mus
162 2103 301 2154 Iohannes
319 2100 350 2153 in
364 2100 499 2154 Pathmos
515 2101 578 2171 [stc]
593 2099 715 2154 insulam
728 2101 871 2170 relegatus
887 2103 940 2170 est,
956 2105 986 2157 et
999 2119 1101 2174 genere

83 2170 178 2224 Dauid
187 2171 344 2224 interfecto.
364 2170 542 2224 Domitianus
554 2187 571 2224 a
581 2172 638 2224 suis
648 2171 679 2224 in
687 2170 799 2225 Palatio
808 2173 924 2227 necatus
935 2175 987 2230 est.
1000 2175 1102 2247 [1051]

156 2252 203 2302 XI.
232 2249 273 2303 De
288 2249 383 2303 Nerua
402 2249 553 2304 admodum
572 2267 638 2305 sene
657 2251 828 2321 imperatore
847 2253 877 2306 et
891 2252 1026 2310 Traiano.
1058 2254 1103 2309 hic

84 2321 206 2389 primum
225 2320 318 2375 edicto
338 2337 388 2374 suo
408 2338 503 2376 omnes
523 2321 617 2376 exules
636 2322 795 2387 reuocauit3
814 2324 882 2376 tunc
896 2325 941 2377 est
955 2325 1102 2395 apostolus

83 2393 222 2447 Iohannes
236 2393 272 2447 dc
287 2392 372 2448 exilio
385 2392 528 2462 Ephesum
542 2393 634 2449 rediit.
659 2393 762 2448 deinde
776 2393 872 2448 Nerua
886 2394 967 2450 obiit.
988 2398 1037 2468 [11
1048 2404 1063 2463 ς
1075 2397 1101 2468 1]

155 2475 214 2528 XII.
241 2474 283 2528 De
302 2474 438 2542 Traiano,
460 2475 510 2529 ubi
527 2474 658 2528 tradente
676 2475 772 2529 Nerua
789 2473 831 2527 rei
849 2473 982 2542 publicae
1001 2477 1103 2546 guber-

83 2546 187 2598 nacula
202 2545 327 2616 suscepit
341 2549 369 2600 et
383 2546 413 2599 in
426 2545 628 2614 persequendis
643 2545 812 2600 Christianis
826 2543 998 2599 sententiam
1013 2546 1100 2623 dedit.

84 2616 182 2670 domus
198 2634 282 2671 aurea
296 2634 313 2671 a
327 2618 438 2671 Nerone
458 2618 573 2672 condita
591 2620 707 2687 repente
727 2614 920 2685 conflagrauit.
953 2616 989 2671 de
1009 2619 1101 2672 terrae

82 2690 162 2739 motu
185 2690 215 2741 et
239 2687 413 2757 collapsione
432 2707 477 2741 1111
495 2687 646 2742 ciuitatum
664 2688 749 2742 Asiae
769 2689 798 2741 et
816 2687 936 2740 duarum
955 2686 1100 2756 Graeciae,

81 2756 168 2807 trium
197 2773 307 2824 quoque
326 2757 464 2812 Calatiae.
502 2758 659 2813 Pantheum
678 2761 785 2813 Romae
813 2760 1022 2812 concrematum
1049 2762 1101 2815 est.

82 2824 125 2946 det
136 2827 291 2962 reffillgone
310 2828 486 2882 Iudaeorum.
519 2829 656 2884 lhaianm
674 2828 812 2897 profluuio
832 2827 939 2882 uentris
959 2829 1100 2885 extinctus

81 2911 110 2947 es
128 2937 132 2946 .

152 2964 224 3018 XllI.
253 2897 425 3044 Iliiadrianus,
451 2968 635 3046 consobrinae
657 2968 772 3048 ursiani
794 2967 881 3035 filius,
908 2970 1100 3041 principatum

81 3037 201 3106 adeptus
216 3037 267 3090 est.
296 3050 357 3102 lpse
375 3038 528 3104 praecep1t,
548 3042 581 3092 ut
599 3055 705 3092 nemrm
723 3036 823 3092 hoeret
842 3038 1019 3098 Christianos
1039 3041 1099 3097 sine

81 3108 195 3163 obiectu
222 3105 345 3163 criminis
374 3107 423 3160 aut
450 3105 619 3173 probatione
647 3108 794 3178 damnare,
824 3112 853 3164 et
877 3115 959 3180 pater
986 3114 1098 3183 patriae

80 3181 258 3250 nuncupatus
281 3178 371 3232 uitam
392 3174 493 3230 finiuit.
530 3193 597 3230 uam
620 3178 682 3248 ipse
704 3179 930 3251 Hierosolymam
953 3183 1099 3252 reparauit

81 3255 110 3305 ct
128 3251 285 3321 praecepit,
309 3253 342 3304 ut
360 3246 527 3304 Christianis
544 3245 645 3303 liceret
662 3249 756 3320 ipsam
774 3253 873 3307 urbem
890 3252 1017 3323 ingredi,
1041 3272 1098 3310 non

80 3322 200 3390 Iudaeis,
220 3321 411 3465 quam]etiam
424 3317 532 3374 Aeliam
545 3336 597 3387 pro
617 3338 668 3376 suo
686 3324 800 3379 nomine
820 3324 883 3395 [sic]
902 3325 999 3378 uocari
1016 3343 1098 3396 prac-

81 3393 166 3463 cepit
197 3397 243 3462 [13
258 3400 303 3460 §1

150 3466 237 3519 XIIII.
251 3464 411 3520 Antoninus
422 3446 608 3533 cognomento
617 3462 683 3517 Pius
694 3462 846 3533 tranquille
857 3464 981 3532 patriam
994 3468 1096 3536 guber·

78 3534 161 3587 uauIt
183 3535 226 3588 Ita
249 3537 282 3588 ut
304 3536 405 3590 merito
424 3535 491 3589 Pius
514 3535 543 3588 et
566 3535 648 3603 pater
665 3535 776 3602 patrIae
794 3533 956 3588 nominatus
976 3537 1022 3592 sit.
1062 3538 1096 3592 de
