2370 3960
87 157 149 220 128
326 155 435 209 Psvm
454 111 576 209 cacsir
594 156 844 208 meroauavu
955 133 957 137 ’

53 325 68 372 u
89 303 123 366 in
137 302 278 366 tentoria
293 300 409 384 coegit.
443 304 520 365 tuno
534 321 710 365 conuersus
724 299 758 362 in
773 299 964 384 religionem
979 299 1108 366 Hanni-

88 391 144 455 bal
168 389 286 452 dixisse
309 388 421 472 fertnr‚
443 388 620 472 potiundae
642 388 704 452 sibi
721 386 845 453 Romae
868 388 965 453 modo
989 391 1106 455 uolun-

89 481 191 542 tatem
215 498 282 541 non
306 476 391 561 dari,
415 477 509 542 modo
532 479 738 560 potestatem.

53 588 69 636 s
154 564 385 649 Respondeant
407 587 493 630 nnnc
517 565 597 629 mihi
621 565 855 629 obtrectatores
874 566 942 629 ueri
960 563 1022 630 Dei
1042 566 1107 633 hoc

88 655 174 717 loco:
207 653 426 717 Hannibalem
455 676 474 718 a
502 653 700 735 capessenda
727 647 970 737 subruendaque
998 653 1134 721 Remea

88 745 198 806 utrum
213 741 361 807 Romana
374 742 534 806 abstinuit
545 741 704 807 fortitudo
721 763 761 804 an
781 740 893 805 diuina
911 741 1105 809 miseratio?

90 834 147 896 aut
174 830 315 895 forsitan
341 831 523 895 conseruati
550 830 608 894 isti
636 830 853 915 dedignantur
880 829 989 914 fateri,
1018 832 1106 914 quod

88 919 256 984 Hannibal
280 922 313 982 et
335 921 440 984 uictor
463 918 614 982 extimuit
635 922 669 982 et
692 918 806 982 cedens
829 919 981 1000 probauit
1004 941 1042 983 ac
1062 956 1104 966 —

58 1021 74 1069 a
95 1009 123 1072 si
141 1009 239 1072 istam
258 1008 401 1071 diuinam
419 1008 556 1072 tutelam
574 1028 632 1090 per
649 1007 795 1091 pluuiam
814 1005 853 1070 de
872 1007 963 1071 caclo
976 1007 1105 1072 uenisse

93 1097 301 1161 manifestum
328 1092 392 1179 est,
419 1096 525 1179 ipsam
553 1099 663 1162 autem
685 1094 832 1178 pluuiam
856 1096 1048 1178 opportunis
1073 1099 1146 1161 et10

91 1185 283 1248 necessariis
307 1184 507 1266 temporibus
531 1205 596 1248 non
620 1183 685 1247 nisi
703 1205 762 1266 pcr
780 1179 958 1267 Christum,
981 1184 1037 1268 qui
1056 1187 1107 1249 est

92 1294 187 1336 uerus
216 1272 317 1353 Deus,
345 1271 525 1336 ministrari
551 1309 588 1317 —
615 1271 713 1335 etiam
742 1270 783 1333 ab
810 1270 997 1336 huiusmodi
1025 1273 1105 1338 satis

38 1374 71 1422 10
92 1364 178 1425 certo
208 1360 282 1423 sciri
309 1381 369 1424 nec
396 1361 510 1445 negari
537 1381 633 1443 posse
661 1359 823 1424 existimo:
852 1361 991 1424 maxime
1018 1382 1105 1426 nunc

93 1485 133 1494 —
158 1449 286 1531 quando
310 1448 351 1512 ad
374 1448 599 1513 documentum
622 1447 787 1531 potentiae
812 1447 893 1530 cius,
917 1469 989 1512 cum
1013 1449 1105 1515 sicci-

90 1539 157 1600 tate
187 1538 340 1601 turbante
370 1538 513 1621 pluuiam
542 1557 675 1619 poscere
706 1534 838 1599 adsidue
869 1536 1042 1621 contingit,
1074 1541 1106 1602 et
1120 1556 1146 1597 rs

91 1625 225 1689 alternis
256 1625 381 1690 uicibus
405 1646 492 1688 nunc
515 1625 652 1709 gentiles
675 1644 761 1688 nunc
785 1620 964 1688 Christiani
986 1629 1106 1710 rogant

90 1734 149 1777 nec
172 1736 325 1798 umquam
350 1713 447 1778 etiam
466 1713 545 1795 ipsis
564 1712 703 1777 testibus
722 1710 921 1796 factumest,
943 1715 981 1776 ut
999 1714 1106 1796 optati

91 1803 212 1867 imbres
237 1803 467 1887 superueniunt
488 1801 553 1864 nisi
576 1801 610 1864 in
634 1800 693 1884 die,
716 1820 779 1883 quo
803 1800 913 1884 rogari
936 1798 1105 1866 Christum

40 1904 72 1953 11
94 1895 126 1954 et
144 1890 338 1957 Christianis
356 1888 472 1974 rogare
490 1888 692 1972 permittitur
709 1923 753 1933 —
771 1888 884 1970 procul
907 1888 1006 1953 dubio
1029 1910 1105 1954 con-

91 1983 171 2063 stat,
201 1980 313 2044 urbem
336 1978 475 2042 Romam
502 1998 559 2061 per
585 1977 671 2041 hunc
695 1976 830 2040 eundem
854 1998 966 2041 uerum
988 1975 1104 2061 Deum,
1119 1996 1145 2036 co

90 2068 144 2150 qui
169 2071 218 2130 cst
236 2064 386 2130 Christus
404 2065 504 2148 Iesus,
528 2065 732 2129 ordinantem
752 2064 929 2129 secundum
947 2065 1105 2149 placitum

89 2154 261 2217 ineffabilis
285 2154 396 2218 iudicii
420 2154 479 2236 sui,
503 2157 536 2219 ct
558 2157 636 2218 tunc
660 2153 700 2218 ad
723 2152 851 2217 futurae
872 2152 948 2218 fidei
971 2153 1105 2219 creduli·

88 2243 190 2304 tatem
211 2245 373 2306 seruatam
392 2242 492 2306 fuisse
512 2246 544 2306 et
561 2263 648 2307 nuno
665 2263 725 2325 pro
748 2245 842 2325 parte
867 2241 917 2306 sui
940 2242 1105 2308 incredula

89 2329 291 2413 castigatam.
701 2391 704 2395 ,

41 2433 74 2481 12
160 2416 206 2481 At
240 2416 323 2483 luero
360 2418 395 2482 in
426 2417 587 2503 Hispania
624 2418 719 2483 ambo
753 2415 919 2501 Scipiones
952 2440 972 2482 a
1002 2417 1105 2483 franc
1122 2446 1144 2484 r.
1159 2435 1184 2474 2⁶

90 2504 305 2572 Hasdrubalis
324 2506 489 2571 interfecti
508 2511 592 2572 sunt.
623 2507 660 2571 in
678 2504 859 2589 Campania
878 2504 990 2590 Capua
1009 2510 1105 2590 capta
1119 2519 1145 2564 2'6

91 2598 141 2658 est
171 2617 190 2658 a
218 2594 253 2670 Q.
281 2594 400 2659 Fuluio
430 2596 638 2680 proconsule3
670 2596 834 2679 principes
865 2591 1106 2678 Campanorum

90 2703 215 2746 ueneno
247 2686 388 2747 mortem
421 2684 484 2748 sibi
516 2685 757 2767 consciuerunt3
794 2684 943 2746 senatum
974 2702 1104 2746 omnem

90 2766 219 2852 Capuae
243 2771 342 2835 etiam
365 2772 559 2855 prohibente
578 2775 693 2837 senatu
710 2770 858 2835 Romano
877 2767 1011 2831 Fuluius
1031 2790 1104 2853 snp-

38 2875 71 2924 13
90 2857 197 2941 pliciis
210 2858 347 2924 necauit.
383 2859 563 2925 interfectis
577 2861 613 2923 in
626 2857 786 2941 Hispania
800 2853 1005 2938 Scipionibus
1020 2876 1103 2941 cum,
1120 2876 1145 2915 eo

90 2946 241 3009 omnibus
268 2947 399 3012 incusso
426 2969 549 3031 pauore
577 2944 817 3026 cunctantibus,
844 2939 953 3026 Scipio
982 2963 1016 3007 se
1048 2943 1104 3008 ad-

88 3033 219 3098 modum
242 3033 432 3100 adulescens
455 3035 542 3100 ultrc
562 3033 732 3098 obtulisset
750 3035 783 3097 et
800 3029 950 3114 pudenda
968 3034 1105 3115 penuria

42 3142 75 3191 14
93 3126 178 3187 esset
213 3123 344 3207 aerarii,
379 3121 516 3187 Claudio
545 3121 701 3187 Marcello
732 3124 764 3186 et
793 3117 927 3185 Valerio
959 3120 1104 3188 Laeuino

92 3212 277 3277 auctoribus
306 3211 361 3296 qui
388 3215 466 3275 tunc
495 3211 641 3276 consules
664 3214 757 3275 erant
780 3231 894 3273 aurum
920 3214 1104 3295 argentum-

91 3323 152 3384 que
180 3301 344 3385 signatum
367 3299 408 3364 ad
435 3303 623 3384 quaestores
650 3300 762 3383 palam
794 3320 905 3363 omnes
935 3303 1101 3364 senatores
1117 3315 1143 3356 es

90 3388 125 3452 in
153 3390 320 3471 publicum
348 3389 567 3472 contulerunt,
594 3388 641 3451 ita
668 3393 705 3465 ut
733 3387 815 3453 nihil
838 3391 966 3472 praeter
989 3387 1103 3452 anulos

90 3476 238 3561 singulos
266 3479 436 3562 bullasque
465 3476 528 3542 sibi
555 3497 592 3541 ac
619 3476 696 3542 filiis
727 3482 760 3544 et
789 3475 902 3540 deinde
932 3496 989 3560 per
1017 3475 1103 3541 filias
