2370 3960
15 834 79 883 sm
422 808 576 882 PAVLI
604 808 779 883 OROSII

162 949 497 1026 HISTORIARVM
523 950 785 1026 ADVERSVM
811 951 1034 1027 Pisanos

426 1111 550 1172 LIBER
574 1111 770 1184 QVARTVS.
1055 1178 1160 1223 mm

155 1248 287 1314 Dixisse
306 1248 439 1314 Aenean
452 1248 614 1333 Virgilius
637 1249 746 1335 refert,
771 1273 844 1317 cum
867 1257 943 1337 post
960 1253 1106 1338 pericula

90 1359 148 1403 sua
176 1359 372 1424 suorumque
399 1337 572 1422 naufragia
597 1302 746 1405 residuos,
773 1361 869 1426 aegre
894 1343 998 1408 socios
1023 1343 1106 1408 sola-

88 1430 186 1511 retur,
726 1467 735 1472 ‹-

270 1512 376 1567 Forsan
400 1514 430 1567 et
448 1513 519 1567 haec
538 1513 606 1568 olim
624 1513 784 1569 meminisse
803 1515 921 1573 iuuabit.

61 1602 169 1668 shaec
193 1604 368 1688 sententia,
394 1604 496 1668 semel
520 1608 596 1687 apte
619 1605 709 1689 ficta,
734 1625 860 1690 semper
883 1607 950 1671 uim
974 1608 1023 1671 sui
1046 1607 1140 1672 ιιι-ι

86 1692 206 1775 plicem
240 1691 470 1756 diuersissimis
504 1693 671 1758 effectibus
702 1693 817 1778 refert,
850 1714 923 1758 eum
955 1698 988 1758 et
1014 1717 1105 1779 prae-

86 1781 215 1845 teritet
200 1783 294 1845 tanto
298 1779 456 1883 ,gratiora
470 1780 592 1846 habent
577 1784 631 1846 tur
644 1782 680 1845 in
694 1781 803 1846 uerbis
817 1786 938 1868 quanto
952 1784 1105 1867 grauiora

86 1869 233 1933 referunt
218 1872 272 1933 tur
294 1870 329 1934 in
351 1869 511 1955 gestiset
479 1869 644 1936 etfutura
667 1870 743 1936 dum
767 1869 995 1936 desiderabilia
1012 1872 1104 1936 fasti-

87 1957 139 2023 dio
162 1958 383 2041 praesentium
406 1958 490 2023 fiunt
514 1980 641 2043 semper
664 1959 801 2024 meliora
820 1959 1033 2045 credunturs
1023 1983 1103 2044 1ps1s
1122 1971 1139 2020 a

10 2069 72 2115 usu
87 2049 198 2110 autem
221 2047 446 2130 praesentibus
472 2044 521 2112 lob
540 2047 602 2112 hoc
624 2049 768 2114 nullam
786 2052 879 2151 parte
898 2049 1103 2114 miseriarum

47 2161 72 2198 11
86 2135 174 2201 iusta
204 2139 360 2220 conparat
361 2136 393 2201 io
346 2135 570 2201 tadhiberi
597 2140 656 2220 pot
657 2140 707 2202 est
710 2138 826 2221 ,quia
854 2139 957 2204 multo
981 2139 1103 2203 maiore

85 2225 237 2289 molestia
260 2225 416 2290 adficiunt
439 2224 731 2310 quantulacumque
755 2227 821 2291 sint
842 2227 907 2291 ista
925 2249 1007 2312 quae
1027 2231 1104 2292 sunt

86 2334 184 2397 quam
202 2312 261 2377 illa
279 2335 362 2398 quae
381 2314 448 2378 siue
467 2316 634 2378 transacta
653 2315 721 2379 siue
740 2318 887 2399 uentura,
906 2316 967 2379 etsi
982 2336 1103 2401 magna

86 2401 245 2486 dicuntur,
263 2402 395 2468 interim
414 2401 546 2467 omnino
565 2404 643 2467 tunc
660 2424 728 2467 non
747 2406 831 2486 sunt.
864 2402 967 2467 ueluti
987 2404 1101 2488 siquis
1121 2415 1138 2463 4

46 2515 71 2553 1⁵
85 2491 254 2554 nocturnis
273 2491 436 2574 pulicibus
455 2490 609 2555 titillatus
629 2493 724 2574 atque
740 2512 779 2555 ex
794 2511 831 2554 eo
846 2490 971 2577 uigiliis
986 2492 1100 2557 anxius

85 2579 165 2643 alias
193 2578 293 2664 forte,
322 2601 402 2665 quas
431 2578 607 2664 aliquando
631 2600 670 2643 ex
694 2577 931 2647 ardentissimis
954 2579 1101 2646 febribus

84 2666 139 2732 diu
168 2668 336 2752 sustinuit,
363 2667 495 2753 uigilias
522 2667 721 2752 recordetur,
748 2669 862 2751 procul
885 2669 1017 2734 dubio
1008 2693 1101 2763 mpe-

84 2755 215 2822 tientius
238 2756 322 2822 feret
343 2757 483 2821 istarum
505 2755 764 2840 inquietudinem
786 2778 882 2842 quam
900 2756 1032 2825 illarum
1051 2782 1119 2825 re·

84 2843 312 2911 cordationem.
359 2844 415 2910 sed
443 2845 592 2929 quamuis
621 2844 707 2928 apud
730 2845 876 2911 omnium
901 2870 1014 2913 sensus
1037 2870 1097 2932 pro
1119 2859 1135 2908 5

46 2963 70 3002 so
84 2937 180 3035 captu
202 2937 388 3018 temporum
411 2933 460 2997 ita
482 2932 588 2997 uideri
607 2937 715 3018 queat,
737 2935 894 3019 numquid
912 2940 1022 3002 tamen
1042 2938 1101 3001 ali-

84 3024 156 3106 quis
180 3023 325 3105 exsistet,
348 3022 405 3106 qui
425 3021 506 3085 uel
495 3043 530 3085 ιιι
547 3021 619 3106 ipsa
638 3023 801 3088 anxietate
784 3027 1010 3108 epronuntiet
1028 3046 1100 3110 gra·

84 3111 189 3176 uiores
213 3112 336 3195 pulices
358 3130 430 3175 esse
450 3130 548 3194 quam
565 3109 694 3175 febres?
719 3115 775 3176 aut
794 3113 942 3178 acerbius
962 3113 1101 3195 accipiat

83 3221 116 3264 se
144 3200 282 3286 uigilare
312 3220 427 3265 sanum
455 3219 552 3283 quam
580 3198 719 3264 dormire
747 3221 814 3264 non
836 3201 981 3283 potuisse
1004 3199 1100 3262 mori-

82 3288 213 3354 turum?
247 3310 330 3374 quae
359 3309 432 3352 cum
459 3287 506 3351 ita
530 3285 607 3368 sint,
579 3287 782 3353 tdelicatis
805 3289 878 3352 istis
902 3293 935 3352 et
958 3287 1098 3371 querul1s
1119 3299 1134 3347 6

45 3408 69 3449 ιι
81 3379 201 3444 nostris
225 3383 403 3461 utcumque
427 3374 577 3459 concedo,
598 3336 636 3440 ιιι
658 3375 748 3460 haec,
772 3375 887 3457 quibus
905 3396 1000 3459 nunc,
1024 3376 1099 3479 quia

82 3467 127 3532 sic
160 3465 345 3554 expedit,
335 3464 498 3529 interdum
531 3427 756 3548 admonemur,
789 3462 956 3529 sentiendo
985 3467 1099 3550 grauia

905 3564 947 3624 *p*
