<?xml version="1.0" encoding="UTF-8"?>
<!DOCTYPE html PUBLIC "-//W3C//DTD XHTML 1.0 Transitional//EN"
    "http://www.w3.org/TR/xhtml1/DTD/xhtml1-transitional.dtd">
<html xmlns="http://www.w3.org/1999/xhtml" xml:lang="en" lang="en">
 <head>
  <title>
</title>
<meta http-equiv="Content-Type" content="text/html;charset=utf-8" />
  <meta name='ocr-system' content='tesseract 3.04.00' />
  <meta name='ocr-capabilities' content='ocr_page ocr_carea ocr_par ocr_line ocrx_word'/>
</head>
<body>
  <div class='ocr_page' id='page_1' title='image "./pavliorosiihist00orosgoog_0191.png"; bbox 0 0 2370 3960; ppageno 0'>
   <div class='ocr_carea' id='block_1_1' title="bbox 100 191 864 256">
    <p class='ocr_par' dir='ltr' id='par_1_1' title="bbox 100 191 864 256">
     <span class='ocr_line' id='line_1_1' title="bbox 100 191 864 256; baseline -0.016 -1"><span class='ocrx_word' id='word_1_1' title='bbox 100 191 164 256; x_wconf 79' lang='grc'>176</span> <span class='ocrx_word' id='word_1_2' title='bbox 347 193 455 244; x_wconf 76' lang='lat' dir='ltr'>Pium</span> <span class='ocrx_word' id='word_1_3' title='bbox 473 192 597 244; x_wconf 85' lang='lat' dir='ltr'>ouosu</span> <span class='ocrx_word' id='word_1_4' title='bbox 614 192 864 244; x_wconf 77' lang='lat' dir='ltr'>msromrnvn</span> 
     </span>
    </p>
   </div>
   <div class='ocr_carea' id='block_1_2' title="bbox 8 334 1181 3145">
    <p class='ocr_par' dir='ltr' id='par_1_2' title="bbox 96 334 1113 685">
     <span class='ocr_line' id='line_1_2' title="bbox 98 334 1111 422; baseline -0.002 -21"><span class='ocrx_word' id='word_1_5' title='bbox 98 359 220 422; x_wconf 85' lang='lat' dir='ltr'>panum</span> <span class='ocrx_word' id='word_1_6' title='bbox 244 336 322 398; x_wconf 87' lang='lat' dir='ltr'>litus</span> <span class='ocrx_word' id='word_1_7' title='bbox 345 335 472 420; x_wconf 81' lang='lat' dir='ltr'>attigit,</span> <span class='ocrx_word' id='word_1_8' title='bbox 494 334 686 401; x_wconf 84' lang='lat' dir='ltr'><strong>Norbanum</strong></span> <span class='ocrx_word' id='word_1_9' title='bbox 714 335 880 400; x_wconf 82' lang='lat' dir='ltr'>consulem</span> <span class='ocrx_word' id='word_1_10' title='bbox 908 335 1037 418; x_wconf 90' lang='lat' dir='ltr'>proelio·</span> <span class='ocrx_word' id='word_1_11' title='bbox 1056 357 1111 418; x_wconf 93' lang='lat' dir='ltr'>op·</span> 
     </span>
     <span class='ocr_line' id='line_1_3' title="bbox 97 421 1112 507; baseline 0 -20"><span class='ocrx_word' id='word_1_12' title='bbox 97 423 227 507; x_wconf 90' lang='lat' dir='ltr'>pressit:</span> <span class='ocrx_word' id='word_1_13' title='bbox 252 426 375 506; x_wconf 89' lang='lat' dir='ltr'>septem</span> <span class='ocrx_word' id='word_1_14' title='bbox 400 423 492 488; x_wconf 86' lang='lat' dir='ltr'>milia</span> <span class='ocrx_word' id='word_1_15' title='bbox 514 428 592 488; x_wconf 86' lang='lat' dir='ltr'>tuno</span> <span class='ocrx_word' id='word_1_16' title='bbox 609 423 831 488; x_wconf 86' lang='lat' dir='ltr'>Romanorum</span> <span class='ocrx_word' id='word_1_17' title='bbox 849 421 990 487; x_wconf 87' lang='lat' dir='ltr'>Romani</span> <span class='ocrx_word' id='word_1_18' title='bbox 1013 424 1112 487; x_wconf 87' lang='lat' dir='ltr'>inter·</span> 
     </span>
     <span class='ocr_line' id='line_1_4' title="bbox 96 511 1113 595; baseline 0.001 -20"><span class='ocrx_word' id='word_1_19' title='bbox 96 513 255 594; x_wconf 85' lang='lat' dir='ltr'>fecerunt,</span> <span class='ocrx_word' id='word_1_20' title='bbox 285 532 341 576; x_wconf 86' lang='lat' dir='ltr'>sex</span> <span class='ocrx_word' id='word_1_21' title='bbox 371 511 462 576; x_wconf 90' lang='lat' dir='ltr'>milia</span> <span class='ocrx_word' id='word_1_22' title='bbox 491 512 666 577; x_wconf 86' lang='lat' dir='ltr'>eorundem</span> <span class='ocrx_word' id='word_1_23' title='bbox 696 513 738 576; x_wconf 88' lang='lat' dir='ltr'>ab</span> <span class='ocrx_word' id='word_1_24' title='bbox 767 511 870 575; x_wconf 84' lang='lat' dir='ltr'>isdem</span> <span class='ocrx_word' id='word_1_25' title='bbox 900 515 997 594; x_wconf 85' lang='lat' dir='ltr'>capta</span> <span class='ocrx_word' id='word_1_26' title='bbox 1027 516 1113 595; x_wconf 85' lang='lat' dir='ltr'>sunt,</span> 
     </span>
     <span class='ocr_line' id='line_1_5' title="bbox 96 591 1113 685; baseline 0 -21"><span class='ocrx_word' id='word_1_27' title='bbox 96 603 226 664; x_wconf 81' lang='lat' dir='ltr'>eentum</span> <span class='ocrx_word' id='word_1_28' title='bbox 255 599 377 684; x_wconf 80' lang='lat' dir='ltr'>uiginti</span> <span class='ocrx_word' id='word_1_29' title='bbox 405 602 438 664; x_wconf 93' lang='lat' dir='ltr'>et</span> <span class='ocrx_word' id='word_1_30' title='bbox 465 604 618 685; x_wconf 85' lang='lat' dir='ltr'>quattuor</span> <span class='ocrx_word' id='word_1_31' title='bbox 646 591 694 664; x_wconf 79' lang='lat' dir='ltr'>de&#39;</span> <span class='ocrx_word' id='word_1_32' title='bbox 713 597 845 683; x_wconf 84' lang='lat' dir='ltr'>Syllana</span> <span class='ocrx_word' id='word_1_33' title='bbox 871 603 963 683; x_wconf 87' lang='lat' dir='ltr'>parte</span> <span class='ocrx_word' id='word_1_34' title='bbox 993 601 1113 665; x_wconf 85' lang='lat' dir='ltr'>oecide-</span> 
     </span>
    </p>

    <p class='ocr_par' dir='ltr' id='par_1_3' title="bbox 60 687 1154 771">
     <span class='ocr_line' id='line_1_6' title="bbox 60 687 1154 771; baseline -0.004 -21"><span class='ocrx_word' id='word_1_35' title='bbox 60 692 183 752; x_wconf 77' lang='lat' dir='ltr'>arunt.</span> <span class='ocrx_word' id='word_1_36' title='bbox 220 687 340 752; x_wconf 83' lang='lat' dir='ltr'><strong>Fabius</strong></span> <span class='ocrx_word' id='word_1_37' title='bbox 359 695 437 752; x_wconf 91' lang='lat' dir='ltr'>uero</span> <span class='ocrx_word' id='word_1_38' title='bbox 456 687 651 768; x_wconf 84' lang='lat' dir='ltr'>Hadrianus,</span> <span class='ocrx_word' id='word_1_39' title='bbox 674 688 726 751; x_wconf 87' lang='lat' dir='ltr'>cui</span> <span class='ocrx_word' id='word_1_40' title='bbox 749 688 921 771; x_wconf 88' lang='lat' dir='ltr'>imperium</span> <span class='ocrx_word' id='word_1_41' title='bbox 944 710 1003 770; x_wconf 88' lang='lat' dir='ltr'>pro</span> <span class='ocrx_word' id='word_1_42' title='bbox 1022 710 1113 771; x_wconf 88' lang='lat' dir='ltr'>prae·</span> <span class='ocrx_word' id='word_1_43' title='bbox 1141 706 1154 746; x_wconf 85' lang='lat'><strong>5</strong></span> 
     </span>
    </p>

    <p class='ocr_par' dir='ltr' id='par_1_4' title="bbox 97 776 1113 949">
     <span class='ocr_line' id='line_1_7' title="bbox 97 776 1113 865; baseline -0.002 -23"><span class='ocrx_word' id='word_1_44' title='bbox 97 781 169 842; x_wconf 89' lang='lat' dir='ltr'>tore</span> <span class='ocrx_word' id='word_1_45' title='bbox 197 780 281 860; x_wconf 87' lang='lat' dir='ltr'>erat,</span> <span class='ocrx_word' id='word_1_46' title='bbox 308 797 444 862; x_wconf 83' lang='lat' dir='ltr'>regnum</span> <span class='ocrx_word' id='word_1_47' title='bbox 467 777 598 841; x_wconf 83' lang='lat' dir='ltr'>Africae</span> <span class='ocrx_word' id='word_1_48' title='bbox 622 798 790 841; x_wconf 89' lang='lat' dir='ltr'>seruorum</span> <span class='ocrx_word' id='word_1_49' title='bbox 813 798 910 865; x_wconf 81' lang='lat' dir='ltr'>manu</span> <span class='ocrx_word' id='word_1_50' title='bbox 935 776 1113 859; x_wconf 82' lang='lat' dir='ltr'>adfectans,</span> 
     </span>
     <span class='ocr_line' id='line_1_8' title="bbox 98 863 1112 949; baseline -0.003 -19"><span class='ocrx_word' id='word_1_51' title='bbox 98 888 117 929; x_wconf 90' lang='lat' dir='ltr'>a</span> <span class='ocrx_word' id='word_1_52' title='bbox 148 865 288 930; x_wconf 88' lang='lat' dir='ltr'>dominis</span> <span class='ocrx_word' id='word_1_53' title='bbox 321 886 432 929; x_wconf 89' lang='lat' dir='ltr'>eorum</span> <span class='ocrx_word' id='word_1_54' title='bbox 461 865 550 948; x_wconf 84' lang='lat' dir='ltr'>&#39;apud</span> <span class='ocrx_word' id='word_1_55' title='bbox 580 863 637 929; x_wconf 87' lang='lat' dir='ltr'>Vti</span> <span class='ocrx_word' id='word_1_56' title='bbox 761 865 906 949; x_wconf 86' lang='lat' dir='ltr'>ongestis</span> <span class='ocrx_word' id='word_1_57' title='bbox 940 865 1112 928; x_wconf 76' lang='lat' dir='ltr'>sarmentis</span> 
     </span>
    </p>

    <p class='ocr_par' dir='ltr' id='par_1_5' title="bbox 60 951 1181 1390">
     <span class='ocr_line' id='line_1_9' title="bbox 60 951 1177 1037; baseline 0.002 -23"><span class='ocrx_word' id='word_1_58' title='bbox 60 966 78 1014; x_wconf 83' lang='lat'>4</span> <span class='ocrx_word' id='word_1_59' title='bbox 99 951 180 1019; x_wconf 83' lang='lat' dir='ltr'>lenm</span> <span class='ocrx_word' id='word_1_60' title='bbox 195 954 284 1018; x_wconf 92' lang='lat' dir='ltr'>omni</span> <span class='ocrx_word' id='word_1_61' title='bbox 297 952 423 1017; x_wconf 87' lang='lat' dir='ltr'>familia</span> <span class='ocrx_word' id='word_1_62' title='bbox 436 953 531 1018; x_wconf 90' lang='lat' dir='ltr'>uiuus</span> <span class='ocrx_word' id='word_1_63' title='bbox 545 952 680 1018; x_wconf 83' lang='lat' dir='ltr'>incensu</span> <span class='ocrx_word' id='word_1_64' title='bbox 760 1004 768 1019; x_wconf 89' lang='lat'><strong>.</strong></span> <span class='ocrx_word' id='word_1_65' title='bbox 790 952 1008 1036; x_wconf 83' lang='lat' dir='ltr'>Damasippus</span> <span class='ocrx_word' id='word_1_66' title='bbox 1022 975 1113 1037; x_wconf 91' lang='lat' dir='ltr'>prae·</span> <span class='ocrx_word' id='word_1_67' title='bbox 1132 979 1155 1016; x_wconf 77' lang='lat' dir='ltr'>r.</span> <span class='ocrx_word' id='word_1_68' title='bbox 1174 976 1177 986; x_wconf 90' lang='lat'>·</span> 
     </span>
     <span class='ocr_line' id='line_1_10' title="bbox 99 1039 1115 1118; baseline 0.001 -12"><span class='ocrx_word' id='word_1_69' title='bbox 99 1047 151 1108; x_wconf 93' lang='lat' dir='ltr'>tor</span> <span class='ocrx_word' id='word_1_70' title='bbox 179 1043 345 1107; x_wconf 76' lang='lat' dir='ltr'>incentore</span> <span class='ocrx_word' id='word_1_71' title='bbox 367 1040 472 1105; x_wconf 90' lang='lat' dir='ltr'>Mario</span> <span class='ocrx_word' id='word_1_72' title='bbox 502 1043 634 1107; x_wconf 84' lang='lat' dir='ltr'>consule</span> <span class='ocrx_word' id='word_1_73' title='bbox 657 1041 695 1118; x_wconf 81' lang='lat' dir='ltr'>Q.</span> <span class='ocrx_word' id='word_1_74' title='bbox 719 1040 911 1106; x_wconf 75' lang='lat' dir='ltr'>Scaeuolam</span> <span class='ocrx_word' id='word_1_75' title='bbox 935 1039 969 1106; x_wconf 80' lang='lat' dir='ltr'>O.</span> <span class='ocrx_word' id='word_1_76' title='bbox 993 1039 1115 1107; x_wconf 83' lang='lat' dir='ltr'>Carbo-</span> 
     </span>
     <span class='ocr_line' id='line_1_11' title="bbox 96 1126 1181 1214; baseline -0.006 -19"><span class='ocrx_word' id='word_1_77' title='bbox 96 1152 172 1196; x_wconf 89' lang='lat' dir='ltr'>nem</span> <span class='ocrx_word' id='word_1_78' title='bbox 194 1130 229 1196; x_wconf 89' lang='lat' dir='ltr'>L.</span> <span class='ocrx_word' id='word_1_79' title='bbox 253 1129 434 1194; x_wconf 84' lang='lat' dir='ltr'>Domitium</span> <span class='ocrx_word' id='word_1_80' title='bbox 461 1129 495 1194; x_wconf 92' lang='lat' dir='ltr'>P.</span> <span class='ocrx_word' id='word_1_81' title='bbox 518 1126 709 1195; x_wconf 81' lang='lat' dir='ltr'>Antilstium</span> <span class='ocrx_word' id='word_1_82' title='bbox 737 1131 771 1194; x_wconf 92' lang='lat' dir='ltr'>in</span> <span class='ocrx_word' id='word_1_83' title='bbox 799 1130 922 1195; x_wconf 84' lang='lat' dir='ltr'>curiam</span> <span class='ocrx_word' id='word_1_84' title='bbox 950 1131 1043 1214; x_wconf 88' lang='lat' dir='ltr'>quasi</span> <span class='ocrx_word' id='word_1_85' title='bbox 1071 1130 1111 1194; x_wconf 88' lang='lat' dir='ltr'>ad</span> <span class='ocrx_word' id='word_1_86' title='bbox 1131 1149 1181 1194; x_wconf 72' lang='lat' dir='ltr'>aa</span> 
     </span>
     <span class='ocr_line' id='line_1_12' title="bbox 98 1217 1153 1300; baseline -0.002 -17"><span class='ocrx_word' id='word_1_87' title='bbox 98 1217 344 1284; x_wconf 79' lang='lat' dir='ltr'>consultandum</span> <span class='ocrx_word' id='word_1_88' title='bbox 357 1220 490 1282; x_wconf 84' lang='lat' dir='ltr'>uocatos</span> <span class='ocrx_word' id='word_1_89' title='bbox 509 1218 730 1283; x_wconf 85' lang='lat' dir='ltr'>crudelissime</span> <span class='ocrx_word' id='word_1_90' title='bbox 748 1218 874 1283; x_wconf 84' lang='lat' dir='ltr'>oceidit.</span> <span class='ocrx_word' id='word_1_91' title='bbox 907 1239 1044 1300; x_wconf 84' lang='lat' dir='ltr'>corpora</span> <span class='ocrx_word' id='word_1_92' title='bbox 1062 1218 1111 1281; x_wconf 90' lang='lat' dir='ltr'>in·</span> <span class='ocrx_word' id='word_1_93' title='bbox 1129 1236 1153 1274; x_wconf 87' lang='lat'>11</span> 
     </span>
     <span class='ocr_line' id='line_1_13' title="bbox 97 1305 1111 1390; baseline 0 -20"><span class='ocrx_word' id='word_1_94' title='bbox 97 1306 305 1370; x_wconf 83' lang='lat' dir='ltr'>terfectorum</span> <span class='ocrx_word' id='word_1_95' title='bbox 332 1327 390 1390; x_wconf 91' lang='lat' dir='ltr'>per</span> <span class='ocrx_word' id='word_1_96' title='bbox 413 1305 581 1371; x_wconf 83' lang='lat' dir='ltr'>carnifices</span> <span class='ocrx_word' id='word_1_97' title='bbox 604 1328 687 1371; x_wconf 88' lang='lat' dir='ltr'>nnoo</span> <span class='ocrx_word' id='word_1_98' title='bbox 710 1310 817 1370; x_wconf 77' lang='lat' dir='ltr'>tracta</span> <span class='ocrx_word' id='word_1_99' title='bbox 840 1309 936 1390; x_wconf 88' lang='lat' dir='ltr'>atque</span> <span class='ocrx_word' id='word_1_100' title='bbox 959 1306 994 1369; x_wconf 92' lang='lat' dir='ltr'>in</span> <span class='ocrx_word' id='word_1_101' title='bbox 1017 1306 1111 1370; x_wconf 85' lang='lat' dir='ltr'>Tibe-</span> 
     </span>
    </p>

    <p class='ocr_par' dir='ltr' id='par_1_6' title="bbox 61 1393 1155 1749">
     <span class='ocr_line' id='line_1_14' title="bbox 61 1393 1114 1478; baseline 0.005 -25"><span class='ocrx_word' id='word_1_102' title='bbox 61 1394 160 1459; x_wconf 75' lang='lat' dir='ltr'>trim</span> <span class='ocrx_word' id='word_1_103' title='bbox 191 1396 290 1458; x_wconf 92' lang='lat' dir='ltr'>missa</span> <span class='ocrx_word' id='word_1_104' title='bbox 322 1396 407 1458; x_wconf 90' lang='lat' dir='ltr'>sunt.</span> <span class='ocrx_word' id='word_1_105' title='bbox 459 1395 572 1458; x_wconf 87' lang='lat' dir='ltr'>eodem</span> <span class='ocrx_word' id='word_1_106' title='bbox 598 1398 744 1478; x_wconf 89' lang='lat' dir='ltr'>tempore</span> <span class='ocrx_word' id='word_1_107' title='bbox 773 1393 882 1478; x_wconf 81' lang='lat' dir='ltr'>Syllae</span> <span class='ocrx_word' id='word_1_108' title='bbox 915 1394 1011 1459; x_wconf 87' lang='lat' dir='ltr'>duces</span> <span class='ocrx_word' id='word_1_109' title='bbox 1045 1395 1114 1478; x_wconf 88' lang='lat' dir='ltr'>plu-</span> 
     </span>
     <span class='ocr_line' id='line_1_15' title="bbox 98 1481 1114 1566; baseline 0 -20"><span class='ocrx_word' id='word_1_110' title='bbox 98 1483 181 1546; x_wconf 88' lang='lat' dir='ltr'>rima</span> <span class='ocrx_word' id='word_1_111' title='bbox 208 1482 333 1564; x_wconf 88' lang='lat' dir='ltr'>proelia</span> <span class='ocrx_word' id='word_1_112' title='bbox 361 1482 533 1548; x_wconf 90' lang='lat' dir='ltr'>aduersum</span> <span class='ocrx_word' id='word_1_113' title='bbox 561 1481 726 1547; x_wconf 87' lang='lat' dir='ltr'>Marianas</span> <span class='ocrx_word' id='word_1_114' title='bbox 755 1485 862 1566; x_wconf 87' lang='lat' dir='ltr'>partes</span> <span class='ocrx_word' id='word_1_115' title='bbox 890 1482 1114 1547; x_wconf 80' lang='lat' dir='ltr'>infelicissima</span> 
     </span>
     <span class='ocr_line' id='line_1_16' title="bbox 96 1569 1155 1655; baseline 0.002 -21"><span class='ocrx_word' id='word_1_116' title='bbox 96 1569 253 1635; x_wconf 79' lang='lat' dir='ltr'>felicitate</span> <span class='ocrx_word' id='word_1_117' title='bbox 287 1575 466 1655; x_wconf 78' lang='lat' dir='ltr'>gesserunt.</span> <span class='ocrx_word' id='word_1_118' title='bbox 510 1593 587 1635; x_wconf 89' lang='lat' dir='ltr'>nam</span> <span class='ocrx_word' id='word_1_119' title='bbox 619 1575 652 1636; x_wconf 91' lang='lat' dir='ltr'>et</span> <span class='ocrx_word' id='word_1_120' title='bbox 683 1570 720 1647; x_wconf 81' lang='lat' dir='ltr'>Q.</span> <span class='ocrx_word' id='word_1_121' title='bbox 750 1570 900 1635; x_wconf 84' lang='lat' dir='ltr'>Metellus</span> <span class='ocrx_word' id='word_1_122' title='bbox 933 1569 1155 1636; x_wconf 78' lang='lat' dir='ltr'>Carrinatis1⁵</span> 
     </span>
     <span class='ocr_line' id='line_1_17' title="bbox 98 1657 1115 1749; baseline 0 -26"><span class='ocrx_word' id='word_1_123' title='bbox 98 1660 207 1742; x_wconf 83' lang='lat' dir='ltr'>copias</span> <span class='ocrx_word' id='word_1_124' title='bbox 231 1659 347 1724; x_wconf 79' lang='lat' dir='ltr'>cecidit</span> <span class='ocrx_word' id='word_1_125' title='bbox 368 1663 402 1723; x_wconf 89' lang='lat' dir='ltr'>et</span> <span class='ocrx_word' id='word_1_126' title='bbox 424 1664 532 1725; x_wconf 86' lang='lat' dir='ltr'>eastra</span> <span class='ocrx_word' id='word_1_127' title='bbox 555 1660 700 1742; x_wconf 86' lang='lat' dir='ltr'>peruasit</span> <span class='ocrx_word' id='word_1_128' title='bbox 719 1663 751 1725; x_wconf 89' lang='lat' dir='ltr'>et</span> <span class='ocrx_word' id='word_1_129' title='bbox 770 1657 827 1725; x_wconf 84' lang='lat' dir='ltr'>On.</span> <span class='ocrx_word' id='word_1_130' title='bbox 846 1658 1019 1749; x_wconf 80' lang='lat' dir='ltr'>Pompeius</span> <span class='ocrx_word' id='word_1_131' title='bbox 1039 1657 1115 1724; x_wconf 83' lang='lat' dir='ltr'>Car·</span> 
     </span>
    </p>

    <p class='ocr_par' dir='ltr' id='par_1_7' title="bbox 66 1746 1116 2009">
     <span class='ocr_line' id='line_1_18' title="bbox 66 1746 1116 1833; baseline 0.005 -26"><span class='ocrx_word' id='word_1_132' title='bbox 66 1748 196 1812; x_wconf 73' lang='lat' dir='ltr'>ebonis</span> <span class='ocrx_word' id='word_1_133' title='bbox 221 1748 402 1831; x_wconf 85' lang='lat' dir='ltr'>equitatum</span> <span class='ocrx_word' id='word_1_134' title='bbox 426 1749 569 1833; x_wconf 83' lang='lat' dir='ltr'>grauiter</span> <span class='ocrx_word' id='word_1_135' title='bbox 591 1748 775 1816; x_wconf 84' lang='lat' dir='ltr'>trucidauit.</span> <span class='ocrx_word' id='word_1_136' title='bbox 822 1746 931 1832; x_wconf 81' lang='lat' dir='ltr'>Syllae</span> <span class='ocrx_word' id='word_1_137' title='bbox 960 1748 1059 1812; x_wconf 89' lang='lat' dir='ltr'>etiam</span> <span class='ocrx_word' id='word_1_138' title='bbox 1083 1752 1116 1812; x_wconf 92' lang='lat' dir='ltr'>et</span> 
     </span>
     <span class='ocr_line' id='line_1_19' title="bbox 97 1834 1114 1919; baseline 0.003 -21"><span class='ocrx_word' id='word_1_139' title='bbox 97 1834 196 1899; x_wconf 88' lang='lat' dir='ltr'>Marii</span> <span class='ocrx_word' id='word_1_140' title='bbox 225 1836 440 1901; x_wconf 84' lang='lat' dir='ltr'>adulescentis</span> <span class='ocrx_word' id='word_1_141' title='bbox 465 1837 642 1901; x_wconf 84' lang='lat' dir='ltr'>maximum</span> <span class='ocrx_word' id='word_1_142' title='bbox 665 1841 743 1901; x_wconf 84' lang='lat' dir='ltr'>tuno</span> <span class='ocrx_word' id='word_1_143' title='bbox 767 1837 925 1919; x_wconf 91' lang='lat' dir='ltr'>proelium</span> <span class='ocrx_word' id='word_1_144' title='bbox 949 1837 1035 1919; x_wconf 92' lang='lat' dir='ltr'>apud</span> <span class='ocrx_word' id='word_1_145' title='bbox 1059 1835 1114 1901; x_wconf 88' lang='lat' dir='ltr'>Sa·</span> 
     </span>
     <span class='ocr_line' id='line_1_20' title="bbox 98 1923 1115 2009; baseline -0.001 -21"><span class='ocrx_word' id='word_1_146' title='bbox 98 1924 277 2006; x_wconf 85' lang='lat' dir='ltr'>oriportum</span> <span class='ocrx_word' id='word_1_147' title='bbox 305 1923 380 2008; x_wconf 86' lang='lat' dir='ltr'>fuit,</span> <span class='ocrx_word' id='word_1_148' title='bbox 408 1925 443 1988; x_wconf 92' lang='lat' dir='ltr'>in</span> <span class='ocrx_word' id='word_1_149' title='bbox 472 1946 535 2009; x_wconf 91' lang='lat' dir='ltr'>quo</span> <span class='ocrx_word' id='word_1_150' title='bbox 564 1925 603 1989; x_wconf 90' lang='lat' dir='ltr'>de</span> <span class='ocrx_word' id='word_1_151' title='bbox 630 1925 772 1989; x_wconf 83' lang='lat' dir='ltr'>exercitu</span> <span class='ocrx_word' id='word_1_152' title='bbox 795 1923 890 1987; x_wconf 87' lang='lat' dir='ltr'>Marii</span> <span class='ocrx_word' id='word_1_153' title='bbox 920 1945 1014 1988; x_wconf 83' lang='lat' dir='ltr'>caesa</span> <span class='ocrx_word' id='word_1_154' title='bbox 1038 1928 1115 1987; x_wconf 81' lang='lat' dir='ltr'>sunt</span> 
     </span>
    </p>

    <p class='ocr_par' dir='ltr' id='par_1_8' title="bbox 62 2008 1155 2096">
     <span class='ocr_line' id='line_1_21' title="bbox 62 2008 1155 2096; baseline 0.001 -22"><span class='ocrx_word' id='word_1_155' title='bbox 62 2024 171 2076; x_wconf 69' lang='lat' dir='ltr'>lxxv</span> <span class='ocrx_word' id='word_1_156' title='bbox 184 2059 185 2063; x_wconf 65' lang='lat'>,</span> <span class='ocrx_word' id='word_1_157' title='bbox 198 2013 304 2096; x_wconf 87' lang='lat' dir='ltr'>milia,</span> <span class='ocrx_word' id='word_1_158' title='bbox 335 2012 420 2077; x_wconf 85' lang='lat' dir='ltr'>sicut</span> <span class='ocrx_word' id='word_1_159' title='bbox 447 2010 600 2077; x_wconf 79' lang='lat' dir='ltr'>Claudius</span> <span class='ocrx_word' id='word_1_160' title='bbox 631 2012 752 2077; x_wconf 79' lang='lat' dir='ltr'>scribit.</span> <span class='ocrx_word' id='word_1_161' title='bbox 798 2011 971 2094; x_wconf 92' lang='lat' dir='ltr'>Pompeius</span> <span class='ocrx_word' id='word_1_162' title='bbox 996 2008 1115 2075; x_wconf 77' lang='lat' dir='ltr'>Carbo·</span> <span class='ocrx_word' id='word_1_163' title='bbox 1129 2029 1155 2066; x_wconf 76' lang='lat'>20</span> 
     </span>
    </p>

    <p class='ocr_par' dir='ltr' id='par_1_9' title="bbox 8 2099 1115 2360">
     <span class='ocr_line' id='line_1_22' title="bbox 8 2099 1115 2184; baseline 0 -20"><span class='ocrx_word' id='word_1_164' title='bbox 8 2116 12 2122; x_wconf 83' lang='lat'>&#39;</span> <span class='ocrx_word' id='word_1_165' title='bbox 96 2101 289 2164; x_wconf 87' lang='lat' dir='ltr'>nemetiam</span> <span class='ocrx_word' id='word_1_166' title='bbox 313 2100 429 2164; x_wconf 82' lang='lat' dir='ltr'>eastris</span> <span class='ocrx_word' id='word_1_167' title='bbox 453 2101 542 2164; x_wconf 88' lang='lat' dir='ltr'>exuit</span> <span class='ocrx_word' id='word_1_168' title='bbox 565 2099 806 2184; x_wconf 80' lang='lat' dir='ltr'>fugientemque</span> <span class='ocrx_word' id='word_1_169' title='bbox 829 2099 1005 2181; x_wconf 85' lang='lat' dir='ltr'>insecutus,</span> <span class='ocrx_word' id='word_1_170' title='bbox 1027 2120 1115 2164; x_wconf 84' lang='lat' dir='ltr'>nunc</span> 
     </span>
     <span class='ocr_line' id='line_1_23' title="bbox 97 2187 1114 2273; baseline -0.001 -22"><span class='ocrx_word' id='word_1_171' title='bbox 97 2188 259 2252; x_wconf 84' lang='lat' dir='ltr'>caedendo</span> <span class='ocrx_word' id='word_1_172' title='bbox 286 2209 373 2252; x_wconf 84' lang='lat' dir='ltr'>nuno</span> <span class='ocrx_word' id='word_1_173' title='bbox 400 2187 442 2252; x_wconf 88' lang='lat' dir='ltr'>ad</span> <span class='ocrx_word' id='word_1_174' title='bbox 470 2188 667 2252; x_wconf 88' lang='lat' dir='ltr'>deditionem</span> <span class='ocrx_word' id='word_1_175' title='bbox 696 2187 838 2273; x_wconf 83' lang='lat' dir='ltr'>cogendo</span> <span class='ocrx_word' id='word_1_176' title='bbox 862 2187 1002 2270; x_wconf 90' lang='lat' dir='ltr'>plurima</span> <span class='ocrx_word' id='word_1_177' title='bbox 1026 2208 1114 2251; x_wconf 88' lang='lat' dir='ltr'>exer-</span> 
     </span>
     <span class='ocr_line' id='line_1_24' title="bbox 96 2273 1114 2360; baseline -0.001 -21"><span class='ocrx_word' id='word_1_178' title='bbox 96 2276 180 2340; x_wconf 84' lang='lat' dir='ltr'>eitus</span> <span class='ocrx_word' id='word_1_179' title='bbox 195 2280 288 2360; x_wconf 90' lang='lat' dir='ltr'>parte</span> <span class='ocrx_word' id='word_1_180' title='bbox 302 2276 453 2359; x_wconf 82' lang='lat' dir='ltr'>priuauit.</span> <span class='ocrx_word' id='word_1_181' title='bbox 477 2275 627 2341; x_wconf 84' lang='lat' dir='ltr'>Metellus</span> <span class='ocrx_word' id='word_1_182' title='bbox 641 2273 791 2342; x_wconf 87' lang='lat' dir='ltr'>Norbani</span> <span class='ocrx_word' id='word_1_183' title='bbox 805 2295 923 2360; x_wconf 82' lang='lat' dir='ltr'>agmen</span> <span class='ocrx_word' id='word_1_184' title='bbox 938 2276 1114 2358; x_wconf 83' lang='lat' dir='ltr'>oppressit:</span> 
     </span>
    </p>

    <p class='ocr_par' dir='ltr' id='par_1_10' title="bbox 63 2362 1157 2625">
     <span class='ocr_line' id='line_1_25' title="bbox 63 2362 1116 2449; baseline 0 -21"><span class='ocrx_word' id='word_1_185' title='bbox 63 2371 79 2421; x_wconf 88' lang='lat'>8</span> <span class='ocrx_word' id='word_1_186' title='bbox 98 2365 155 2429; x_wconf 91' lang='lat' dir='ltr'>ubi</span> <span class='ocrx_word' id='word_1_187' title='bbox 173 2386 290 2429; x_wconf 93' lang='lat' dir='ltr'>nouem</span> <span class='ocrx_word' id='word_1_188' title='bbox 309 2364 400 2428; x_wconf 89' lang='lat' dir='ltr'>milia</span> <span class='ocrx_word' id='word_1_189' title='bbox 413 2363 581 2429; x_wconf 87' lang='lat' dir='ltr'>Marianae</span> <span class='ocrx_word' id='word_1_190' title='bbox 599 2365 704 2449; x_wconf 87' lang='lat' dir='ltr'>partis</span> <span class='ocrx_word' id='word_1_191' title='bbox 722 2364 829 2430; x_wconf 84' lang='lat' dir='ltr'>occisa</span> <span class='ocrx_word' id='word_1_192' title='bbox 847 2367 933 2428; x_wconf 88' lang='lat' dir='ltr'>sunt.</span> <span class='ocrx_word' id='word_1_193' title='bbox 959 2362 1116 2428; x_wconf 81' lang='lat' dir='ltr'>Lucullus</span> 
     </span>
     <span class='ocr_line' id='line_1_26' title="bbox 99 2452 1157 2538; baseline 0 -21"><span class='ocrx_word' id='word_1_194' title='bbox 99 2475 172 2517; x_wconf 87' lang='lat' dir='ltr'>oum</span> <span class='ocrx_word' id='word_1_195' title='bbox 197 2476 216 2516; x_wconf 89' lang='lat' dir='ltr'>a</span> <span class='ocrx_word' id='word_1_196' title='bbox 235 2452 368 2529; x_wconf 79' lang='lat' dir='ltr'>Quintio</span> <span class='ocrx_word' id='word_1_197' title='bbox 393 2453 603 2537; x_wconf 87' lang='lat' dir='ltr'>obsideretur,</span> <span class='ocrx_word' id='word_1_198' title='bbox 626 2452 735 2537; x_wconf 88' lang='lat' dir='ltr'>erupit</span> <span class='ocrx_word' id='word_1_199' title='bbox 757 2456 791 2517; x_wconf 88' lang='lat' dir='ltr'>et</span> <span class='ocrx_word' id='word_1_200' title='bbox 812 2452 984 2538; x_wconf 88' lang='lat' dir='ltr'>repentina</span> <span class='ocrx_word' id='word_1_201' title='bbox 1005 2473 1117 2538; x_wconf 86' lang='lat' dir='ltr'>pugna</span> <span class='ocrx_word' id='word_1_202' title='bbox 1130 2469 1157 2510; x_wconf 73' lang='lat'>2⁵</span> 
     </span>
     <span class='ocr_line' id='line_1_27' title="bbox 99 2540 1118 2625; baseline 0.001 -20"><span class='ocrx_word' id='word_1_203' title='bbox 99 2542 304 2605; x_wconf 88' lang='lat' dir='ltr'>obsessorem</span> <span class='ocrx_word' id='word_1_204' title='bbox 327 2541 447 2606; x_wconf 84' lang='lat' dir='ltr'>deleuit</span> <span class='ocrx_word' id='word_1_205' title='bbox 469 2543 655 2607; x_wconf 86' lang='lat' dir='ltr'>exercitum.</span> <span class='ocrx_word' id='word_1_206' title='bbox 690 2563 769 2606; x_wconf 92' lang='lat' dir='ltr'>nam</span> <span class='ocrx_word' id='word_1_207' title='bbox 787 2541 861 2625; x_wconf 91' lang='lat' dir='ltr'>plus</span> <span class='ocrx_word' id='word_1_208' title='bbox 885 2563 984 2625; x_wconf 86' lang='lat' dir='ltr'>qnam</span> <span class='ocrx_word' id='word_1_209' title='bbox 1007 2540 1118 2606; x_wconf 85' lang='lat' dir='ltr'>decem</span> 
     </span>
    </p>

    <p class='ocr_par' dir='ltr' id='par_1_11' title="bbox 63 2628 1162 3145">
     <span class='ocr_line' id='line_1_28' title="bbox 63 2628 1162 2712; baseline 0.004 -22"><span class='ocrx_word' id='word_1_210' title='bbox 63 2629 191 2692; x_wconf 80' lang='lat' dir='ltr'>emilia</span> <span class='ocrx_word' id='word_1_211' title='bbox 221 2630 267 2692; x_wconf 89' lang='lat' dir='ltr'>ibi</span> <span class='ocrx_word' id='word_1_212' title='bbox 298 2633 377 2693; x_wconf 86' lang='lat' dir='ltr'>tuno</span> <span class='ocrx_word' id='word_1_213' title='bbox 406 2651 500 2694; x_wconf 83' lang='lat' dir='ltr'>caesa</span> <span class='ocrx_word' id='word_1_214' title='bbox 531 2631 725 2695; x_wconf 89' lang='lat' dir='ltr'>referuntur.</span> <span class='ocrx_word' id='word_1_215' title='bbox 771 2628 864 2712; x_wconf 87' lang='lat' dir='ltr'>Sylla</span> <span class='ocrx_word' id='word_1_216' title='bbox 896 2629 1010 2693; x_wconf 86' lang='lat' dir='ltr'>deinde</span> <span class='ocrx_word' id='word_1_217' title='bbox 1044 2652 1117 2695; x_wconf 85' lang='lat' dir='ltr'>oum</span> <span class='ocrx_word' id='word_1_218' title='bbox 1160 2647 1162 2654; x_wconf 81' lang='grc'><em>’</em></span> 
     </span>
     <span class='ocr_line' id='line_1_29' title="bbox 96 2713 1116 2799; baseline 0.004 -22"><span class='ocrx_word' id='word_1_219' title='bbox 96 2713 275 2796; x_wconf 76' lang='lat' dir='ltr'>(lamponio</span> <span class='ocrx_word' id='word_1_220' title='bbox 290 2714 487 2794; x_wconf 84' lang='lat' dir='ltr'>Samnitium</span> <span class='ocrx_word' id='word_1_221' title='bbox 507 2717 587 2783; x_wconf 84' lang='lat' dir='ltr'>duee</span> <span class='ocrx_word' id='word_1_222' title='bbox 605 2721 638 2782; x_wconf 83' lang='lat' dir='ltr'>et</span> <span class='ocrx_word' id='word_1_223' title='bbox 657 2715 838 2781; x_wconf 80' lang='lat' dir='ltr'>Carrinatis</span> <span class='ocrx_word' id='word_1_224' title='bbox 856 2717 992 2798; x_wconf 90' lang='lat' dir='ltr'>reliquis</span> <span class='ocrx_word' id='word_1_225' title='bbox 1012 2719 1116 2799; x_wconf 85' lang='lat' dir='ltr'>copiis</span> 
     </span>
     <span class='ocr_line' id='line_1_30' title="bbox 95 2800 1116 2886; baseline 0.008 -26"><span class='ocrx_word' id='word_1_226' title='bbox 95 2803 171 2861; x_wconf 88' lang='lat' dir='ltr'>ante</span> <span class='ocrx_word' id='word_1_227' title='bbox 195 2802 299 2881; x_wconf 90' lang='lat' dir='ltr'>ipsam</span> <span class='ocrx_word' id='word_1_228' title='bbox 324 2802 438 2866; x_wconf 89' lang='lat' dir='ltr'>urbem</span> <span class='ocrx_word' id='word_1_229' title='bbox 461 2809 656 2886; x_wconf 86' lang='lat' dir='ltr'>portamque</span> <span class='ocrx_word' id='word_1_230' title='bbox 675 2801 836 2867; x_wconf 81' lang='lat' dir='ltr'>Collinam</span> <span class='ocrx_word' id='word_1_231' title='bbox 855 2800 896 2864; x_wconf 82' lang='lat' dir='ltr'>ad</span> <span class='ocrx_word' id='word_1_232' title='bbox 914 2802 1030 2865; x_wconf 86' lang='lat' dir='ltr'>horam</span> <span class='ocrx_word' id='word_1_233' title='bbox 1050 2804 1116 2868; x_wconf 90' lang='lat' dir='ltr'>diei</span> 
     </span>
     <span class='ocr_line' id='line_1_31' title="bbox 92 2887 1156 2974; baseline 0.01 -29"><span class='ocrx_word' id='word_1_234' title='bbox 92 2905 214 2946; x_wconf 85' lang='lat' dir='ltr'>nonam</span> <span class='ocrx_word' id='word_1_235' title='bbox 245 2888 339 2968; x_wconf 84' lang='lat' dir='ltr'>signa</span> <span class='ocrx_word' id='word_1_236' title='bbox 372 2889 509 2952; x_wconf 82' lang='lat' dir='ltr'>eontulit</span> <span class='ocrx_word' id='word_1_237' title='bbox 538 2888 796 2974; x_wconf 78' lang='lat' dir='ltr'>grauissimoqne</span> <span class='ocrx_word' id='word_1_238' title='bbox 826 2887 949 2970; x_wconf 88' lang='lat' dir='ltr'>proelio</span> <span class='ocrx_word' id='word_1_239' title='bbox 980 2890 1114 2955; x_wconf 81' lang='lat' dir='ltr'>tandem</span> <span class='ocrx_word' id='word_1_240' title='bbox 1129 2910 1156 2950; x_wconf 76' lang='lat'>³0</span> 
     </span>
     <span class='ocr_line' id='line_1_32' title="bbox 91 2971 1114 3053; baseline 0.011 -20"><span class='ocrx_word' id='word_1_241' title='bbox 91 2971 179 3033; x_wconf 82' lang='lat' dir='ltr'>uicit.</span> <span class='ocrx_word' id='word_1_242' title='bbox 214 2972 381 3053; x_wconf 82' lang='lat' dir='ltr'>octoginta</span> <span class='ocrx_word' id='word_1_243' title='bbox 399 2974 490 3036; x_wconf 86' lang='lat' dir='ltr'>milia</span> <span class='ocrx_word' id='word_1_244' title='bbox 508 2973 676 3040; x_wconf 88' lang='lat' dir='ltr'>hominum</span> <span class='ocrx_word' id='word_1_245' title='bbox 695 2974 741 3038; x_wconf 92' lang='lat' dir='ltr'>ibi</span> <span class='ocrx_word' id='word_1_246' title='bbox 759 2974 833 3038; x_wconf 85' lang='lat' dir='ltr'>fusa</span> <span class='ocrx_word' id='word_1_247' title='bbox 850 2974 1016 3041; x_wconf 78' lang='lat' dir='ltr'>dicunturt</span> <span class='ocrx_word' id='word_1_248' title='bbox 1036 2977 1114 3044; x_wconf 91' lang='lat' dir='ltr'>duo·</span> 
     </span>
     <span class='ocr_line' id='line_1_33' title="bbox 92 3056 1154 3145; baseline 0.011 -24"><span class='ocrx_word' id='word_1_249' title='bbox 92 3057 194 3121; x_wconf 79' lang='lat' dir='ltr'>decim</span> <span class='ocrx_word' id='word_1_250' title='bbox 224 3056 315 3119; x_wconf 87' lang='lat' dir='ltr'>milia</span> <span class='ocrx_word' id='word_1_251' title='bbox 343 3078 415 3121; x_wconf 84' lang='lat' dir='ltr'>sese</span> <span class='ocrx_word' id='word_1_252' title='bbox 442 3057 647 3142; x_wconf 86' lang='lat' dir='ltr'>dediderunt,</span> <span class='ocrx_word' id='word_1_253' title='bbox 674 3060 834 3145; x_wconf 83' lang='lat' dir='ltr'>reliquam</span> <span class='ocrx_word' id='word_1_254' title='bbox 858 3058 1113 3133; x_wconf 80' lang='lat' dir='ltr'>lmultitudinem</span> <span class='ocrx_word' id='word_1_255' title='bbox 1130 3077 1154 3117; x_wconf 83' lang='lat'>1²·</span> 
     </span>
    </p>
   </div>
   <div class='ocr_carea' id='block_1_3' title="bbox 36 3143 1154 3585">
    <p class='ocr_par' dir='ltr' id='par_1_12' title="bbox 90 3143 1113 3314">
     <span class='ocr_line' id='line_1_34' title="bbox 90 3143 1113 3229; baseline 0.014 -22"><span class='ocrx_word' id='word_1_256' title='bbox 90 3145 124 3208; x_wconf 90' lang='lat' dir='ltr'>in</span> <span class='ocrx_word' id='word_1_257' title='bbox 150 3144 261 3229; x_wconf 78' lang='lat' dir='ltr'>fugam</span> <span class='ocrx_word' id='word_1_258' title='bbox 285 3164 414 3208; x_wconf 88' lang='lat' dir='ltr'>uersam</span> <span class='ocrx_word' id='word_1_259' title='bbox 432 3143 627 3210; x_wconf 84' lang='lat' dir='ltr'>insatiabilis</span> <span class='ocrx_word' id='word_1_260' title='bbox 645 3146 807 3212; x_wconf 76' lang='lat' dir='ltr'>uictorum</span> <span class='ocrx_word' id='word_1_261' title='bbox 827 3149 948 3215; x_wconf 77' lang='lat' dir='ltr'>ciuium</span> <span class='ocrx_word' id='word_1_262' title='bbox 966 3152 1016 3218; x_wconf 75' lang='lat' dir='ltr'>ira</span> <span class='ocrx_word' id='word_1_263' title='bbox 1035 3177 1113 3221; x_wconf 83' lang='lat' dir='ltr'>eon-</span> 
     </span>
     <span class='ocr_line' id='line_1_35' title="bbox 91 3232 237 3314; baseline 0.007 -19"><span class='ocrx_word' id='word_1_264' title='bbox 91 3232 237 3314; x_wconf 72' lang='lat' dir='ltr'>sumpsit</span> 
     </span>
    </p>

    <p class='ocr_par' dir='ltr' id='par_1_13' title="bbox 36 3317 1154 3585">
     <span class='ocr_line' id='line_1_36' title="bbox 36 3317 1154 3402; baseline 0.013 -27"><span class='ocrx_word' id='word_1_265' title='bbox 36 3321 72 3376; x_wconf 83' lang='lat' dir='ltr'>sl</span> <span class='ocrx_word' id='word_1_266' title='bbox 160 3319 252 3400; x_wconf 72' lang='lat' dir='ltr'>Sylla</span> <span class='ocrx_word' id='word_1_267' title='bbox 275 3339 349 3383; x_wconf 83' lang='lat' dir='ltr'>mox</span> <span class='ocrx_word' id='word_1_268' title='bbox 373 3321 470 3402; x_wconf 82' lang='lat' dir='ltr'>atque</span> <span class='ocrx_word' id='word_1_269' title='bbox 493 3317 606 3383; x_wconf 80' lang='lat' dir='ltr'>urbem</span> <span class='ocrx_word' id='word_1_270' title='bbox 630 3318 737 3384; x_wconf 71' lang='lat' dir='ltr'>uiator</span> <span class='ocrx_word' id='word_1_271' title='bbox 757 3320 905 3393; x_wconf 77' lang='lat' dir='ltr'>intrauit,</span> <span class='ocrx_word' id='word_1_272' title='bbox 928 3326 994 3391; x_wconf 74' lang='lat' dir='ltr'>tria</span> <span class='ocrx_word' id='word_1_273' title='bbox 1017 3329 1111 3395; x_wconf 73' lang='lat' dir='ltr'>milia</span> <span class='ocrx_word' id='word_1_274' title='bbox 1125 3349 1154 3390; x_wconf 74' lang='lat' dir='ltr'>ss</span> 
     </span>
     <span class='ocr_line' id='line_1_37' title="bbox 89 3404 1112 3491; baseline 0.018 -25"><span class='ocrx_word' id='word_1_275' title='bbox 89 3404 269 3475; x_wconf 80' lang='lat' dir='ltr'>homiuum.</span> <span class='ocrx_word' id='word_1_276' title='bbox 297 3406 354 3491; x_wconf 82' lang='lat' dir='ltr'>qui</span> <span class='ocrx_word' id='word_1_277' title='bbox 382 3425 417 3469; x_wconf 77' lang='lat' dir='ltr'>so</span> <span class='ocrx_word' id='word_1_278' title='bbox 445 3424 503 3487; x_wconf 72' lang='lat' dir='ltr'>per</span> <span class='ocrx_word' id='word_1_279' title='bbox 529 3404 657 3489; x_wconf 59' lang='lat' dir='ltr'>legali»)</span> <span class='ocrx_word' id='word_1_280' title='bbox 681 3404 887 3489; x_wconf 41' lang='lat' dir='ltr'>dusbderanli</span> <span class='ocrx_word' id='word_1_281' title='bbox 913 3417 1031 3479; x_wconf 63' lang='lat' dir='ltr'>aaut</span> <span class='ocrx_word' id='word_1_282' title='bbox 1059 3416 1112 3484; x_wconf 73' lang='lat' dir='ltr'>lus</span> 
     </span>
     <span class='ocr_line' id='line_1_38' title="bbox 88 3489 1112 3585; baseline 0.017 -33"><span class='ocrx_word' id='word_1_283' title='bbox 88 3497 265 3575; x_wconf 65' lang='lat' dir='ltr'>uiriumque</span> <span class='ocrx_word' id='word_1_284' title='bbox 294 3491 390 3558; x_wconf 68' lang='lat' dir='ltr'>tuero</span> <span class='ocrx_word' id='word_1_285' title='bbox 418 3489 528 3557; x_wconf 74' lang='lat' dir='ltr'>dalani</span> <span class='ocrx_word' id='word_1_286' title='bbox 550 3492 692 3559; x_wconf 73' lang='lat' dir='ltr'>inermes</span> <span class='ocrx_word' id='word_1_287' title='bbox 714 3514 912 3585; x_wconf 52' lang='lat' dir='ltr'>mutamus</span> <span class='ocrx_word' id='word_1_288' title='bbox 931 3498 1112 3573; x_wconf 61' lang='lat' dir='ltr'>interierit.</span> 
     </span>
    </p>
   </div>
   <div class='ocr_carea' id='block_1_4' title="bbox 0 0 1190 3960">
    <p class='ocr_par' dir='ltr' id='par_1_14' title="bbox 0 0 1190 3960">
     <span class='ocr_line' id='line_1_39' title="bbox 0 0 1190 3960; baseline 0 8"><span class='ocrx_word' id='word_1_289' title='bbox 0 0 1190 3960; x_wconf 95' lang='lat' dir='ltr'> </span> 
     </span>
    </p>
   </div>
  </div>
 </body>
</html>
