2370 3960
444 205 621 256 CAPITVLA
638 204 706 255 LIB.
726 205 772 258 VI.
1032 205 1098 268 315

79 344 258 411 oneraretur,
276 345 306 397 et
323 342 441 411 reliqua.
474 344 510 397 de
524 341 645 396 Romani
660 344 751 396 status
769 344 936 413 mutatione,
955 345 1003 415 qui
1017 346 1098 400 uelut

78 415 173 469 forma
183 413 289 468 Oceani
303 413 398 481 maris,
414 430 486 482 qnae
502 413 578 468 omni
593 412 639 467 die
653 412 750 482 dispar
765 431 816 484 per
825 436 864 470 vu
879 416 940 471 dies
955 417 1097 471 attollitur

81 484 282 554 incrementis,
305 485 518 554 insequentibus
542 483 663 539 totidem
686 484 786 539 diebus
804 487 928 541 naturali
947 489 1049 542 damno
1070 492 1099 543 et

79 555 197 631 defectu
222 555 357 610 interiore
380 555 554 610 subducitur.
590 555 723 609 Lucullus
742 555 852 624 Asiam,
875 559 1025 628 Pompeius
1048 561 1097 612 Hi-

79 625 225 696 spaniam,
250 627 353 682 Caesar
371 626 494 681 Galliam
515 625 688 695 perdomnit,
712 626 923 696 Romanumque
947 630 1098 699 imperium

79 714 171 766 usque
196 697 233 751 ad
256 701 396 841 cistremos
415 697 619 767 propemodum
636 699 729 751 terrae
747 698 883 753 terminos
906 706 1097 770 propagatum

80 771 132 823 est.
163 771 269 838 [1351

152 847 212 902 XII.
240 848 384 903 Romanae
398 847 476 902 urbis
485 847 636 918 plurimam
645 849 757 917 partem
766 848 841 917 ignis
851 847 964 904 inuasit.
994 851 1097 904 Caesar

79 919 174 974 uictor
197 918 310 973 rediens
335 936 369 974 ex
388 918 482 974 Gallia
505 917 619 973 decerni
642 918 698 972 sibi
721 919 833 973 absenti
855 919 975 973 alterum
999 938 1097 975 consu-

79 989 172 1044 latum
196 989 328 1059 poposcit
350 992 380 1044 st
402 989 608 1044 contradictum
633 991 676 1043 est
694 1006 711 1043 a
729 989 863 1044 Marcello
884 991 998 1044 consule
1018 992 1097 1044 adni-

77 1062 159 1115 tente
173 1060 306 1130 Pompeio
325 1063 409 1129 atque
427 1060 489 1131 ipse
509 1059 658 1129 Pompeius
677 1062 706 1113 et
725 1060 816 1114 omnis
836 1063 949 1115 senatus
969 1062 1097 1116 Caesaris

79 1130 191 1186 uiribus
210 1130 400 1186 crescentibus
418 1131 450 1185 iu
468 1130 616 1187 Graeciam
634 1131 790 1185 transuecti
809 1134 882 1186 sunt.
922 1131 1024 1186 Caesar
1042 1133 1097 1187 Ro-

79 1219 158 1257 mam
176 1201 257 1256 uenit
275 1205 465 1272 negatamque
490 1202 545 1256 sibi
565 1219 599 1257 ex
614 1200 722 1256 aerario
744 1201 893 1271 pecuniam
911 1202 1009 1258 fractis
1030 1203 1098 1257 fori-

81 1273 137 1328 bus
159 1273 267 1327 inuasit
284 1272 459 1343 protulitque
478 1290 513 1327 ex
531 1290 564 1328 eo
583 1272 677 1343 pondo
696 1293 740 1326 1111
763 1272 843 1327 milia
866 1294 962 1340 cxxxv,
988 1275 1100 1343 argenti

79 1344 176 1469 fondo
203 1361 291 1413 prope
316 1347 461 1414 nongenta
486 1343 574 1399 milia.
611 1343 677 1397 inde
704 1343 848 1413 digressus
873 1343 1032 1399 Ariminum
1061 1347 1098 1400 ad

91 1431 222 1484 omenes,
251 1432 318 1469 mox
342 1414 424 1484 Alpis
449 1416 628 1476 transuectus
652 1414 809 1470 Massiliam
837 1415 923 1471 uenit.
966 1419 1032 1471 inde
1061 1419 1098 1470 ad

79 1484 235 1555 Hispanias
259 1486 413 1540 contendit.
451 1486 486 1540 de
508 1486 639 1554 Apolline
663 1485 747 1552 dicit,
771 1503 855 1554 quem
877 1486 971 1542 ferunt
994 1492 1097 1558 poetae

79 1572 185 1626 magno
205 1560 335 1625 serpente
353 1556 512 1625 interfecte,
531 1556 621 1611 totius
640 1556 853 1610 uaticinationis
873 1561 996 1627 auctore,
1016 1560 1097 1613 here-

80 1628 145 1682 dem
163 1628 194 1681 et
212 1627 287 1682 sedis
302 1631 331 1682 et
344 1627 529 1682 diuinationis
545 1631 574 1682 et
586 1626 708 1680 nominis
723 1626 851 1681 extitisse
866 1631 895 1681 et
908 1629 983 1682 inter
1003 1635 1099 1684 cetera

80 1697 278 1768 spumantibus
292 1698 389 1753 buccis
404 1699 559 1767 rabidoque
574 1697 701 1752 discursu
717 1696 808 1751 omnis
822 1697 989 1752 furiatorum
1003 1703 1098 1754 ructat

80 1767 203 1824 insania.
241 1769 276 1824 de
300 1769 381 1824 ciuili
403 1770 480 1824 bello
498 1769 574 1824 inter
591 1768 758 1852 Pompeium
776 1770 806 1822 et
824 1767 980 1822 Caesarem.
1018 1770 1098 1823 Pom-

79 1841 160 1910 peius
184 1859 256 1893 cxxx
281 1841 311 1894 et
333 1860 385 1896 rm
408 1841 537 1895 cohortes
564 1840 672 1908 triphcr
696 1838 794 1894 ordine
821 1837 940 1906 locauit3
969 1840 1098 1908 peditum

79 1931 113 1965 xa
136 1910 219 1964 milia
236 1910 362 1980 fuerunt,
382 1910 491 1980 equites
510 1912 541 1965 in
560 1911 673 1964 sinistro
694 1928 779 1965 cornu
799 1909 932 1976 sescenti,
952 1909 981 1962 in
999 1911 1097 1965 dextro

82 1983 245 2052 quingenti,
270 1999 350 2052 reges
374 1982 471 2052 multi,
497 1984 640 2037 senatores
660 1981 825 2050 equitesque
843 1980 965 2035 Romani
983 1981 1099 2049 plurimi

81 2054 189 2122 absque
213 2069 318 2122 magna
337 2055 420 2123 copia
439 2057 653 2108 armaturarum.
691 2054 794 2107 Caesar
813 2051 944 2106 similiter
962 2071 1033 2104 cxxx
1053 2069 1098 2106 co-

79 2124 178 2179 hortes
200 2123 309 2204 triplici
330 2124 428 2178 ordine
450 2124 599 2195 disposuit,
620 2122 668 2177 cui
689 2123 802 2181 fuerunt
823 2122 916 2176 minus
939 2140 1023 2191 quam
1044 2144 1098 2178 xxx

42 2244 45 2248 .
79 2194 161 2250 milia
178 2194 316 2264 ped1tum,
335 2195 444 2264 equites
462 2196 550 2249 mille.
587 2194 635 2249 hic
652 2194 898 2264 historiographus
916 2193 1016 2249 laudat
1034 2213 1097 2249 con·

80 2265 215 2333 oordiam,
232 2266 256 2319 si
265 2268 404 2321 teneatur.
431 2267 582 2336 Pompeius
596 2265 766 2334 inAegypto
781 2265 890 2320 occisus
906 2268 956 2319 est.
984 2267 1096 2335 perlato

80 2336 118 2391 ad
136 2336 288 2391 Caesarem
306 2337 399 2406 capite
419 2340 448 2392 et
466 2337 550 2392 anulo
570 2336 630 2392 eius
649 2336 735 2389 fleuit.
767 2337 814 2406 [14
828 2343 842 2401 ξ
856 2338 885 2406 5]

151 2415 226 2472 XllI.
253 2415 381 2470 Achillas
395 2417 452 2470 dux
465 2417 560 2487 regius
574 2416 698 2470 imbutus
714 2416 800 2470 semel
814 2415 943 2484 Pompeii
957 2416 1095 2484 sanguine

80 2486 209 2542 Caesaris
231 2504 329 2542 necem
351 2487 544 2542 meditabatur
567 2489 597 2541 et
618 2488 648 2541 in
670 2486 732 2554 ipso
755 2486 863 2554 proelio
889 2486 969 2554 regis
996 2486 1096 2539 classis

83 2558 158 2614 forte
177 2559 317 2612 subducta
335 2558 449 2613 incendi
467 2559 592 2626 iubetur,
613 2574 684 2625 quas
698 2557 813 2610 flamma
827 2556 893 2610 dum
909 2557 971 2626 [sic]
987 2560 1098 2624 partem

79 2629 158 2683 urbis
176 2627 343 2697 inuasisset,
367 2650 402 2684 xc
425 2629 506 2683 milia
530 2629 668 2683 librorum
690 2626 827 2698 proximis
846 2626 963 2680 aedibus
983 2627 1098 2680 condita

81 2699 196 2756 exussit.
226 2701 272 2771 [15
287 2707 302 2766 ἓ
316 2702 363 2773 30]

152 2779 239 2835 ΧΙΙΠ.
268 2780 499 2834 caesarianorum
517 2778 640 2832 militum
658 2777 809 2831 multitudo
828 2793 934 2845 magna
948 2776 1098 2847 perimitur

83 2851 121 2907 et.
135 2866 232 2905 omnes
250 2851 446 2904 interfectores
464 2849 591 2918 Pompeii
611 2848 783 2903 occiduntur.
822 2847 925 2901 Caesar
944 2849 1098 2915 submersa,

83 2937 168 2988 quam
191 2922 406 2988 conscenderat,
435 2920 504 2974 naui
531 2935 582 2989 per
605 2938 637 2973 cc
660 2936 760 2988 passus
783 2936 841 2972 una
863 2935 949 2972 manu
978 2920 1098 2988 eleuata,

81 3007 155 3059 quse
174 2992 288 3046 chartas
307 2992 436 3058 tenebat,
461 2990 497 3045 ad
522 3006 626 3071 nauem
643 2990 768 3071 natando
787 2992 924 3059 peruenit.
961 2992 1027 3058 post
1044 2992 1099 3072 boc

81 3061 617 3202 {bassilides-litiis
631 3061 942 3201 claaustri
960 3061 1100 3196 italie

80 3222 99 3256 n
124 3220 158 3257 ex
180 3204 336 3259 uictoribus
364 3204 552 3274 perimuntur,
578 3219 627 3257 rex
650 3204 711 3271 ipse
734 3218 840 3255 mersus
864 3202 1035 3266 necatusque
1055 3203 1099 3252 cst

80 3274 196 3343 eiusque
210 3274 300 3329 lorica
314 3291 399 3330 aurea
411 3273 612 3329 Alexandriam
625 3271 782 3341 praemissa
795 3274 838 3324 est
850 3302 882 3310 -
893 3272 922 3323 et
932 3269 1098 3324 Alexandri·

81 3360 132 3399 nos
152 3345 289 3400 subdidit.
319 3346 456 3416 [15533]
515 3405 517 3409 ,

152 3425 213 3479 XV.
241 3423 345 3478 Postea
356 3423 457 3477 Caesar
467 3423 588 3477 Romam
600 3421 681 3476 uenit
690 3419 813 3473 metator
822 3417 974 3485 consulque
986 3420 1096 3471 creatus

81 3494 113 3548 in
126 3496 252 3550 Africam
270 3495 386 3549 transiit
404 3495 434 3548 et
451 3510 581 3564 pugnans
601 3509 664 3547 cum
681 3490 753 3544 Iuba
771 3492 800 3544 et
814 3488 945 3559 Scipione
964 3505 1098 3558 mamam

85 3564 231 3624 hominum
246 3565 456 3621 multitudinem
470 3564 619 3631 interfecit,
640 3563 734 3617 castra
747 3560 872 3632 diripuit,
887 3579 921 3615 ux
932 3560 1099 3632 elephantus
