2370 3960
87 190 150 254 106
334 192 442 244 Ρινιι
460 192 583 244 oaosn
600 193 849 246 meromnavu

85 335 179 400 deflet
164 338 208 419 ta,
231 355 289 418 per
312 318 535 402 Romanorum
556 336 761 401 seueritatem
786 338 818 399 et
841 335 997 399 uindicati
1023 338 1100 401 sunt

38 456 49 509 4
85 427 118 488 et
140 422 293 487 restituti

50 524 65 572 e
151 509 249 576 Anno
269 510 310 575 ab
329 513 410 576 urbe
426 513 555 578 condita
570 528 767 577 ceccnxxxr
780 512 968 594 pestilente
981 512 1100 598 ingens
1148 515 1151 524 '

82 598 169 682 apud
184 598 321 664 Romam
342 600 565 684 conflagrauit
584 601 674 664 euius
693 601 899 665 atrocitatem
914 601 1101 685 significare

48 690 254 752 acontentus
283 710 368 772 sum,
397 690 474 772 quia
502 688 610 753 uerbis
638 689 763 773 inplere
790 711 857 755 non
882 712 1023 772 possum.
1073 692 1102 755 si
1130 707 1144 747 5

83 775 171 840 enim
199 776 340 860 spatium
369 777 527 860 temporis
555 798 619 861 quo
647 777 769 843 mansit
795 778 983 863 inquirit-ur,
1013 779 1116 845 ultra

82 864 251 930 biennium
273 865 433 930 uastando
457 870 608 948 porrecta
631 870 695 950 est3
719 867 747 932 si
770 867 978 951 depopulatio
1003 889 1103 951 quam

85 955 198 1039 egerit,
222 975 336 1018 census
355 953 566 1020 indictust
515 959 566 1020 est
566 956 651 1053 ,qui
668 977 734 1020 non
754 959 911 1040 quantum
930 955 1102 1020 hominum

85 1005 271 1126 deperisset
248 1041 346 1106 tsed
365 1047 523 1126 quantum
539 1006 762 1128 superfuisset,
780 1045 969 1128 inquireret3
989 1045 1018 1109 si
1032 1044 1102 1109 uio·

84 1131 186 1196 lentia
217 1153 280 1215 qua
308 1129 464 1197 adfecerit
449 1131 663 1284 ttsibyllini
690 1133 767 1197 libri
794 1136 895 1198 testes
924 1136 1012 1217 sunt,
1045 1133 1101 1217 qui
1116 1150 1144 1189 10

49 1231 65 1280 8
86 1241 156 1282 eam
176 1218 331 1284 caelesti
321 1241 370 1284 rra
384 1221 508 1305 inposit
509 1243 562 1284 am
576 1221 820 1304 responderunt.
853 1221 918 1305 sed,
936 1243 978 1285 ue
992 1242 1102 1304 quem·

84 1329 182 1392 quam
202 1307 295 1391 quasi
314 1310 486 1392 temptatio
506 1309 723 1373 eauillationis
743 1308 894 1393 offendat,
913 1309 1008 1393 quod,
1026 1332 1102 1375 cum

84 1393 209 1479 Sibylla
232 1397 333 1461 iratos
358 1397 435 1462 deos
455 1397 581 1480 dixerit,
603 1418 663 1462 nos
686 1397 768 1461 iram
790 1398 962 1462 caelestem
980 1398 1100 1463 dixisse

83 1481 269 1564 uidealmur²
288 1485 400 1553 audiat
419 1489 451 1550 et
469 1485 651 1570 intellegat,
670 1486 747 1569 quia
765 1485 855 1569 haec,
874 1487 937 1551 etsi
956 1488 1098 1570 plerum·
1111 1514 1132 1552 ι-
1149 1504 1184 1544 22

83 1595 144 1657 que
172 1596 231 1658 per
259 1574 363 1638 aerias
393 1577 571 1657 potestates
602 1574 698 1657 fiunt,
725 1576 838 1639 tamen
866 1575 934 1639 sine
963 1576 1140 1641 arbitri015

61 1678 65 1685 ’
83 1663 315 1746 omnipotentis
337 1661 400 1727 Dei
423 1663 554 1727 omnino
578 1683 646 1727 non
668 1663 760 1727 fiunt.

49 1765 64 1813 9
150 1749 276 1816 Eodem
303 1755 449 1835 tempore
473 1749 673 1834 Gaparronia
699 1751 795 1835 uirgo
818 1752 962 1817 Vestalis
985 1752 1102 1816 incesti

83 1862 139 1904 rea
168 1840 340 1925 suspendio
368 1840 479 1925 periit:
508 1842 680 1924 corruptor
708 1840 777 1905 eius
807 1841 990 1925 consciique
1014 1841 1101 1904 serui

84 1925 243 2013 supplicio
267 1930 386 1994 adfecti
409 1931 493 1992 sunt.

32 2030 65 2077 10
149 2017 234 2082 Ecce
259 2020 335 2083 cont
320 2017 471 2081 tinuatim
495 2037 577 2100 quae
597 2020 629 2081 et
647 2020 772 2100 quanta
790 2038 997 2083 numeramus
1017 2016 1099 2081 acci·
1115 2034 1141 2074 ιο

85 2104 169 2168 disse
195 2107 288 2170 annis
314 2105 451 2190 singulis
470 2106 620 2189 plurima,
642 2105 728 2170 inter
747 2127 828 2189 quos
847 2111 932 2171 certe
943 2127 1025 2171 raro
1045 2110 1102 2173 aut

83 2213 186 2275 paene
219 2194 310 2258 nullo
342 2194 467 2258 nihilt
452 2195 546 2258 triste
576 2197 649 2277 gest
649 2216 768 2295 um,e
751 2194 887 2279 ethoo,
914 2217 987 2260 cum
1015 2195 1102 2260 idem

84 2280 257 2363 scriptores
285 2281 455 2366 proposito
485 2283 547 2347 sibi
578 2283 682 2367 magis
710 2281 865 2347 laudandi
891 2283 1025 2368 negotio
1049 2305 1101 2346 ca·

33 2382 64 2430 11
84 2373 198 2434 nerent
227 2371 478 2435 numerositates
509 2371 726 2456 miseriarum,
758 2393 799 2436 ne
827 2372 957 2437 eosdem
983 2371 1100 2456 quibus

82 2458 163 2524 haee
191 2463 224 2523 et
248 2459 286 2524 de
310 2459 426 2543 quibus
450 2460 678 2525 scribebantur
701 2460 900 2526 offenderent
923 2460 1014 2526 audit
999 2464 1100 2525 t-ores
1115 2477 1141 2518 2⁵

71 2570 146 2632 que
174 2570 250 2614 suos
273 2547 428 2631 exemplis
452 2539 702 2633 praeteritorum
724 2553 845 2615 terrere
867 2550 977 2632 potius
1002 2571 1100 2632 quam

31 2649 64 2696 ιι
85 2637 255 2702 instituere
278 2636 472 2702 uiderentur
506 2660 604 2721 porro
626 2640 735 2702 autem
754 2660 815 2704 nos
833 2639 868 2702 in
886 2638 945 2702 ult
936 2659 1002 2702 uno
1021 2641 1100 2701 t·em

38 2746 198 2807 porum
228 2725 329 2808 positi
359 2724 446 2788 mala
469 2725 692 2791 Romanorum
720 2726 802 2791 scire
829 2746 897 2789 non
925 2745 1098 2806 possumus

32 2825 65 2873 13
84 2812 148 2876 nisi
170 2834 316 2896 pereos,
339 2812 395 2896 qui
414 2812 587 2878 laudauere
603 2813 779 2877 Romanos.
811 2834 850 2877 ex
869 2832 932 2893 quo
951 2809 1099 2894 intellegi

84 2901 191 2982 datur,
219 2904 342 2985 quanta
368 2901 427 2964 illa
453 2900 574 2965 fuerint
597 2920 682 2983 quae
701 2899 807 2964 studio
830 2901 964 2982 propter
986 2898 1098 2962 horro-
1112 2916 1139 2956 ιο

84 3010 153 3054 rem
171 3008 321 3072 repressa
340 2992 425 3074 sunt,
444 3009 517 3053 cum
530 2991 624 3051 tanta
637 2987 848 3051 inueniuntur
861 3007 944 3069 quae
957 2986 1100 3051 tenuiter

86 3079 92 3092 '
83 3081 167 3142 mter
117 3076 300 3143 tlaudes
325 3099 475 3142 emanare
498 3077 682 3178 potuerunt.

51 3174 69 3228 6
150 3166 195 3231 Et
223 3167 376 3251 quoniam
403 3188 442 3231 ex
468 3163 568 3230 hoe
558 3186 624 3228 ram
647 3161 770 3227 Pimiea
798 3163 886 3228 bella
914 3165 1098 3246 succedunt,

85 3279 137 3322 res
164 3258 236 3339 ipsa
263 3255 429 3339 exigit4u
407 3254 509 3318 utde
532 3251 742 3336 Carthagine,
773 3271 855 3334 quae
882 3257 960 3318 ante
926 3213 1099 3318 turbeni

86 3345 224 3410 Romam
247 3345 310 3410 duo
333 3347 367 3408 et
390 3365 446 3427 sep
446 3338 605 3426 tualginta
628 3361 731 3404 annos
754 3339 795 3402 ab
814 3338 946 3405 Helissa
969 3340 1134 3406 conditer
1150 3358 1185 3397 ιι

86 3435 266 3519 inuenitur,
290 3433 421 3518 eiusque
444 3431 588 3497 cladibus
612 3451 649 3494 ae
673 3427 857 3497 domesticis
880 3429 990 3512 malis,
1014 3427 1099 3492 sieut
1113 3446 1138 3485 ee

15 3532 18 3537 '
87 3484 266 3607 Pompeiud
290 3521 417 3608 Trogus
450 3523 483 3586 et
508 3518 589 3584 Iust'
565 3522 651 3584 tmus
685 3516 884 3603 exprimunt,
915 3517 968 3581 uel
995 3537 1100 3601 pauca
