2400 3938
64 165 107 231 68
309 168 418 219 PAVLI
436 167 559 220 OROSII
576 169 826 221 HISTORIARVM

61 333 154 377 senes
183 333 256 376 cum
280 311 407 395 reliqua
429 312 527 377 turha
549 311 681 376 inbellis
705 314 778 376 aeta
759 311 837 395 atis,
863 313 1076 415 praecognito

60 401 201 466 aduentu
228 400 424 484 hostium,
414 422 449 464 1n
476 400 557 485 ipsis
586 422 621 465 se
644 404 813 485 portarum
838 401 1008 502 angustiis
1023 403 1077 468 ob

58 489 206 553 iecerunt
228 493 262 554 et
281 489 435 554 aduersus
456 489 640 574 quindecim
660 489 752 554 milia
770 489 912 554 militum
930 490 987 554 uix
1005 493 1079 556 'cen-

12 589 25 634 t
59 579 131 642 tum
161 577 302 643 confecti
329 600 410 644 aeuo
438 577 585 643 homines
612 582 838 662 proruperunt.
883 578 936 643 his
965 579 1078 664 itaque

58 668 187 731 tantam
200 665 279 731 belli
293 667 413 733 molem
428 666 664 733 sustinentibus
678 666 831 731 iuuentus
846 668 1076 750 superueniens
1102 684 1114 727 s

59 756 214 840 congredi
242 756 396 820 aduersus
420 755 594 820 Thebanos
621 759 735 839 aperto
764 755 940 821 certamine
963 756 1078 822 incun-

22 847 186 910 rctanter
210 845 360 909 decreuit.
397 844 570 910 commisso
593 843 717 928 proelio
736 866 810 909 cum
827 843 1079 911 Lacedaemonii

58 933 279 1017 uincerentur,
311 937 444 1017 repente
476 932 721 1018 Epaminondas
753 934 818 997 dux
845 933 1078 999 Thebanorum

14 1032 21 1066 ‹'
60 1022 223 1088 incautius
247 1022 405 1088 dimicans
429 1021 629 1088 uulneratur.
667 1043 767 1106 quare
790 1021 866 1087 dum
889 1021 941 1086 his
963 1043 1003 1086 ex
1022 1022 1077 1087 do

59 1110 128 1176 lore
150 1115 271 1195 metus,
293 1111 359 1175 illis
383 1132 423 1175 ex
445 1111 565 1196 gaudio
590 1115 704 1195 stupor
727 1113 886 1192 nascitur,
913 1110 1015 1176 ueluti
1038 1129 1116 1176 ex1⁰

24 1209 219 1263 Sconsensu
248 1200 349 1263 tacito
377 1200 540 1282 utrimque
567 1200 746 1263 discessum
773 1202 830 1264 est.
876 1197 1078 1283 Epaminon·

59 1287 117 1349 das
146 1292 254 1351 autem
283 1286 428 1370 grauiter
455 1288 584 1352 saucius
613 1308 686 1352 cum
714 1287 754 1352 de
782 1287 921 1354 uictoria
944 1309 1079 1353 suorum

59 1375 259 1458 conperisset
278 1377 468 1458 scutumque
487 1375 693 1440 exosculatus
715 1380 811 1460 esset,
828 1379 955 1441 remota
967 1398 1078 1461 manu,

59 1483 123 1546 qua
150 1464 267 1527 uulnus
296 1463 488 1547 occluserat,
516 1484 682 1548 egressum
711 1465 876 1548 sanguinis
900 1487 938 1529 ac
960 1467 1077 1531 mortis

58 1550 213 1634 patefecit
250 1551 433 1616 introitum:
470 1553 561 1618 cuius
594 1556 733 1619 mortem
766 1554 811 1617 sic
845 1553 1077 1625 Thebanorum
1092 1570 1116 1611 1⁵

58 1638 197 1723 perditio
228 1640 400 1705 subsecuta
429 1645 492 1724 est,
520 1645 558 1706 ut
584 1664 651 1707 non
677 1641 856 1726 perdidisse
882 1641 996 1707 ducem
1020 1642 1078 1708 sed
1135 1668 1139 1673 ·

58 1729 122 1812 ipsi
147 1750 220 1794 cum
243 1750 281 1794 eo
304 1732 382 1794 tunc
405 1731 528 1813 perisse
552 1731 748 1797 uiderentur.

24 1829 40 1877 9
129 1815 289 1883 Oontexui
308 1818 488 1902 indigestae
506 1820 663 1886 historiae
679 1820 937 1885 inextricabilem
952 1823 1077 1886 cratem

60 1911 171 1991 atque-
179 1908 319 1971 incertos
343 1907 503 1972 bellorum
527 1909 624 1973 orbes
642 1908 706 1973 huc
725 1912 759 1973 et
776 1908 854 1972 illuc
873 1908 1075 1992 lymphatico

58 1995 168 2060 furore
206 1999 372 2079 gestorum
404 1997 511 2061 uerbis
546 2019 563 2060 e
596 1997 735 2081 uestigio
768 2001 897 2062 secutus
929 1997 1075 2084 inplicui,
1092 2015 1119 2057 ao

62 2084 216 2168 quoniam
239 2087 347 2167 tanto,
370 2087 407 2148 ut
429 2085 538 2166 uideo,
561 2085 777 2151 inordinatius
802 2087 929 2170 scripsi,
952 2092 1075 2171 quanto

9 2182 42 2231 10
61 2173 166 2256 magis
196 2172 342 2237 ordinem
372 2172 541 2238 custodiui.
587 2173 738 2257 improba
766 2174 954 2240 dominandi
981 2175 1078 2242 Lace-

61 2260 306 2327 daemoniorum
329 2261 489 2344 cupiditas
508 2263 639 2347 quantis
658 2262 797 2347 populis,
821 2264 970 2348 qualibus
989 2265 1077 2330 urbi·

60 2350 132 2433 bus,
152 2350 268 2434 quibus
287 2349 465 2433 prouinciis
485 2351 666 2417 cuiusmodi
680 2351 827 2417 odiorum
841 2357 959 2436 motus,
978 2375 1077 2438 quan·

60 2441 112 2503 tas
137 2461 250 2504 causas
275 2439 488 2504 certaminum
510 2441 676 2507 suscitarit
661 2441 780 2525 t,quis
799 2441 853 2505 uel
870 2450 1005 2508 numero
1024 2444 1077 2507 uel
1092 2459 1119 2500 2⁶

61 2526 173 2592 ordine
192 2529 315 2593 uelt
262 2551 300 2593 ra
300 2528 390 2593 tione
410 2528 561 2613 disponat
546 2531 582 2595 t‘?
607 2551 680 2595 cum
698 2530 763 2614 ipsi
780 2552 908 2616 quoque
922 2553 990 2595 non
1003 2532 1078 2616 plus

61 2615 183 2681 adflicti
215 2617 309 2682 bellis
342 2640 439 2703 quam
465 2619 680 2772 pellorumtt
665 2620 854 2685 confusione
881 2620 1077 2694 referantur:

9 2713 42 2762 11
61 2704 221 2789 siquidem
245 2709 351 2770 tracto
369 2728 427 2789 per
447 2729 466 2771 a
479 2708 571 2791 iquot
591 2711 714 2772 aetates
733 2707 795 2772 hoc
818 2709 971 2771 continuo
991 2707 1077 2770 bello

61 2791 278 2857 Athenienses
310 2793 558 2860 Lacedaemonii
592 2795 733 2859 Arcades
763 2793 892 2858 Boeotii
919 2792 1077 2876 Thebani,

63 2876 235 2964 ¹postremo
266 2879 401 2946 Graecia
429 2881 511 2945 Asia
537 2882 644 2946 Persis
679 2886 775 2964 atque
803 2881 972 2965 Aegyptos
1003 2901 1076 2944 cum
1090 2909 1113 2946 n.
1128 2901 1159 2943 ru

61 2968 167 3052 Libya
193 2968 370 3051 insulisque
397 2969 548 3033 maximis
571 2969 704 3033 nauales
729 2969 825 3033 simul
847 2968 1076 3053 pedestresque
1090 2986 1117 3026 n

63 3058 231 3123 conflictus
259 3056 443 3122 indiscretis
471 3078 565 3142 egere
588 3057 794 3123 discursibus.
840 3055 959 3120 referre
983 3079 1078 3123 caesa

61 3146 231 3211 hominum
249 3145 342 3209 milia
360 3167 427 3209 non
445 3166 585 3228 possem,
604 3146 703 3210 etiam
721 3146 750 3210 si
763 3146 850 3210 bella
863 3167 1077 3213 numerarem.

10 3246 43 3295 12
132 3238 177 3301 At
200 3256 286 3299 nunc
309 3233 454 3317 increpet
476 3233 556 3299 haec
579 3239 728 3319 tempora
751 3239 849 3320 atque
871 3234 930 3299 illa
951 3236 1078 3301 conlau-

63 3325 118 3389 det
104 3324 343 3427 tquicumque
373 3322 477 3387 nescit
510 3323 609 3407 hosce
643 3345 753 3388 omnes
781 3325 919 3389 istarum
946 3325 1076 3388 urbium
1091 3340 1116 3382 ³⁵

63 3414 384 3497 prouinciarumque
402 3398 584 3496 populosi
573 3415 620 3477 rta
647 3413 796 3478 nuncin
823 3414 900 3478 solis
928 3413 1012 3477 ludis
1041 3435 1078 3478 ac

33 3502 203 3567 theatris
233 3522 473 3585 consenescere,
507 3501 604 3566 sicuti
631 3503 745 3567 tunc
735 3524 771 3566 ιιι
798 3503 912 3568 castris
940 3503 1078 3568 maxime
