2370 3960
88 154 157 243 120¹
286 217 294 259 ,Δ
326 177 434 228 nsum
452 176 575 229 oaosn
592 176 848 228 msromsnvn
951 240 952 244 Ν

90 323 299 387 subsecutum
323 319 395 384 est?
427 324 464 385 ut
487 320 525 385 de
549 319 664 384 ceteris
687 321 827 401 taceam,
854 318 980 383 bellum
1004 317 1121 386 Galli·
1175 323 1177 330 ’

54 415 70 462 8
90 432 163 474 cum
187 413 220 472 11
242 407 410 473 Hannibal
434 431 507 474 oum
530 409 616 473 bello
635 406 757 473 Punico
782 407 928 472 seeundo
966 408 997 471 ei
1016 409 1106 489 mihi,

88 496 281 580 cognouisse
308 496 390 564 haee
413 501 446 562 et
468 497 648 562 denudasse
672 518 770 580 quam
793 496 893 561 etiam
916 516 968 559 me
990 497 1105 580 pudetl

86 607 151 668 pax
179 584 244 650 ista
271 586 367 651 unius
392 586 468 651 anni
490 585 544 649 uel
567 585 671 668 magis
694 584 811 648 umbra
833 584 922 669 pacis
946 584 1106 650 lenimen-

86 676 158 737 tum
185 674 389 738 miseriarum
417 696 459 738 an
489 673 687 738 incentiuum
716 673 877 738 malorum
903 672 990 737 luit?
1021 675 1144 739 stili-⁵

88 762 206 827 cidium
232 762 319 827 istud
343 763 405 827 olei
429 764 462 826 in
486 761 628 827 medium
651 781 789 845 magnae
813 762 963 826 flammae
986 762 1106 828 cadens

88 851 227 915 extinxit
254 851 399 914 fomitem
428 850 513 914 tanti
539 849 625 934 ignis
654 870 696 914 an
724 849 828 914 aluit?
858 871 974 933 parum
1001 870 1107 935 aquae
1180 856 1182 861 '

87 938 226 1023 frigidae
241 939 474 1004 ardentissimis
487 938 641 1003 baustum
654 937 689 1002 in
698 937 842 1003 febribus
852 938 983 1003 sanauit
992 959 1105 1024 aegro-

53 1032 69 1079 9
89 1031 159 1091 tum
181 1050 223 1092 an
241 1028 348 1111 potius
368 1027 534 1093 incendit?
566 1049 624 1111 per
638 1048 741 1092 annos
757 1047 857 1110 prope
872 1027 1107 1112 septingentos,
1124 1071 1127 1078 -

88 1117 121 1180 id
141 1120 191 1180 est
210 1116 250 1180 ab
269 1115 413 1181 Hostilio
433 1116 529 1180 Tullo
548 1136 650 1199 usque
670 1115 711 1179 ad
725 1113 895 1180 Caesarem
909 1114 1106 1254 Auprstum,
1121 1133 1147 1172 10

89 1226 153 1267 una
180 1204 405 1270 tantummodo
434 1206 558 1269 aestate
581 1202 730 1268 Romana
754 1203 944 1288 sanguinem
977 1203 1105 1269 uiscera
1117 1231 1138 1268 1-
1152 1219 1179 1260 24

18 1339 22 1347 .
88 1313 156 1356 non
176 1292 340 1375 sudarunt,
364 1297 396 1357 et
414 1294 498 1357 inter
516 1292 673 1376 plurimas
692 1312 885 1376 magnorum
904 1293 1107 1358 saeculorum

89 1382 211 1449 aetates
242 1382 360 1446 misera
391 1382 518 1463 ciuitas,
547 1400 622 1444 uere
652 1379 772 1444 misera
801 1382 919 1463 mater,
951 1380 1008 1444 uix
1038 1402 1104 1446 uno

88 1471 234 1551 tempore
265 1492 285 1533 a
315 1471 431 1535 timore
460 1470 621 1551 luctuum,
651 1471 688 1531 ut
718 1489 785 1532 non
814 1467 919 1533 dicam
951 1468 992 1533 ab
1022 1469 1105 1552 ipsis

37 1557 240 1641 101uctibus‚
263 1559 456 1642 conquieuit.
501 1556 574 1639 hoc,
596 1557 624 1620 si
647 1556 819 1640 quisquam
840 1556 1012 1622 hominum
1035 1564 1106 1623 tam
1122 1575 1148 1617 rs

88 1668 205 1729 parum
220 1647 255 1710 in
268 1648 337 1711 uita
351 1669 409 1711 sua
423 1646 541 1731 quietis
554 1645 731 1728 habuisset,
748 1645 905 1729 numquid
919 1645 973 1709 uel
986 1645 1108 1711 uixisse

90 1733 271 1800 diceretur?
296 1740 366 1819 aut,
389 1736 417 1800 si
441 1734 610 1818 quisquam
633 1755 691 1816 per
713 1736 820 1798 totum
844 1755 965 1798 annum
988 1734 1108 1800 dolori·

90 1824 151 1888 bus
181 1828 213 1888 et
240 1824 434 1890 cruciatibus
466 1826 596 1908 agatur,
625 1821 730 1886 medio
759 1825 869 1887 autem
897 1822 975 1886 anni
1002 1823 1108 1906 ipsius

92 1913 198 1994 spatio
227 1935 327 1977 unum
354 1915 483 1977 tantum
510 1910 596 1975 diem
626 1910 838 1993 tranquillum
869 1913 902 1974 et
933 1911 1001 1975 sine
1032 1932 1107 1976 con-

90 2000 324 2065 flictationibus
353 2000 528 2083 transigat,
556 1998 713 2082 numquid
745 2019 783 2061 ex
816 2019 853 2073 eo
886 1999 1107 2065 leuamentum
1120 2019 1146 2058 1ο

90 2088 250 2152 malorum
274 2089 410 2173 accipiet
432 2110 470 2153 aa
493 2109 559 2153 non
577 2089 683 2151 totum
702 2108 823 2151 annum
845 2087 984 2152 miseriis
1008 2088 1109 2172 depu-

46 2193 78 2241 11
98 2175 206 2240 tabit?
244 2177 300 2240 sed
317 2177 375 2262 illi,
398 2177 511 2261 inquit,
528 2174 615 2240 buna
633 2196 754 2239 aunum
772 2196 832 2258 pro
851 2175 996 2260 glorioso
1014 2177 1110 2263 signo

98 2263 313 2348 infatigabilis
337 2266 467 2330 uirtutis
491 2265 750 2330 conlocauerunt.
787 2267 884 2349 atque
906 2265 1032 2330 utinam
1050 2288 1110 2350 pro

39 2362 71 2410 12
91 2351 255 2417 obliuione
271 2353 467 2419 calamitatis
482 2353 654 2419 continuae
668 2353 907 2436 praeterissent.
929 2375 1007 2418 nam
1022 2354 1107 2419 sicut

90 2441 125 2504 in
157 2463 290 2525 corpore
319 2442 462 2507 hominis
493 2442 540 2506 ita
573 2442 702 2506 demum
733 2442 824 2525 lepra
852 2441 1044 2528 dinoscitur,
1078 2443 1106 2506 si
1121 2459 1147 2500 11

90 2530 243 2594 uariatim
270 2531 356 2594 inter
384 2553 481 2595 sanas
511 2530 596 2595 cutis
623 2533 733 2614 partes
763 2530 851 2596 color
879 2530 1027 2596 diuersus
1051 2553 1106 2615 ap·

90 2623 212 2701 pareat,
224 2621 259 2682 at
268 2619 295 2683 si
305 2618 355 2683 ita
364 2639 397 2682 se
407 2619 526 2704 ubique
537 2619 705 2702 diffundat,
715 2622 752 2683 ut
762 2619 872 2683 omnia
881 2619 976 2682 unius
986 2619 1108 2684 eoloris

91 2706 238 2786 quamuis
259 2705 396 2771 adulteri
414 2706 527 2788 faeiat,
550 2709 636 2791 perit
653 2708 711 2771 illa
731 2706 895 2770 discretio:
918 2705 966 2767 ita
984 2704 1013 2767 si
1032 2726 1106 2768 con·

90 2791 199 2856 tinuus
223 2793 316 2859 labor
335 2796 462 2877 aequali
481 2795 656 2858 tolerantia
674 2794 744 2858 sine
762 2790 941 2874 respirandi
959 2792 1106 2873 appetitu

90 2879 303 2965 perfluxisset,
325 2881 462 2946 intentio
481 2881 660 2947 uoluntatis
679 2883 712 2944 et
730 2878 843 2943 electio
863 2877 1106 2944 consuetudinis
1120 2900 1147 2939 ao

40 2980 73 3028 13
92 2967 258 3033 diceretur.
305 2992 378 3035 cum
402 2974 510 3035 autem
533 2969 568 3032 in
590 2967 653 3034 hoc
676 2965 887 3051 pausillulum
916 2966 976 3032 otii
1002 2970 1107 3033 tanto-
1136 3025 1140 3031 .

91 3078 167 3141 pere
195 3059 248 3122 uel
275 3058 436 3124 maiorum
465 3057 584 3143 gaudia
610 3055 664 3121 uel
691 3054 854 3119 minorum
882 3056 990 3122 studia
1016 3058 1108 3123 recli-

92 3150 229 3230 nantur,
260 3147 407 3230 profecto
441 3145 648 3231 discernitur,
680 3146 712 3208 et
744 3165 842 3228 quam
874 3144 1107 3212 iucunditatem

91 3235 242 3299 habuerit
263 3235 343 3300 baec
362 3236 505 3299 breuitas
525 3237 557 3298 et
576 3254 673 3317 quam
692 3233 940 3299 amaritudinem
958 3235 1016 3299 illa
1033 3255 1107 3317 pro·

93 3323 218 3409 lixitas,
245 3325 394 3406 honest,
423 3328 455 3387 et
479 3323 568 3406 quies
592 3321 649 3385 illa
674 3343 771 3407 quam
800 3326 896 3406 grata
924 3323 1052 3402 fuisset,
1079 3321 1107 3383 si
1121 3340 1147 3379 11

94 3412 245 3477 diuturna
267 3413 451 3495 mansisset,
475 3415 508 3478 et
530 3410 610 3475 haec
631 3409 834 3475 incessabilis
857 3410 988 3474 miseria
1010 3430 1106 3492 quam

94 3501 193 3564 etiam
216 3503 350 3567 uitanda
372 3501 477 3585 luerit,
501 3500 528 3565 si
550 3498 649 3564 uitari
672 3519 872 3583 quacumque
893 3497 1062 3580 potuisset.
