2370 3960
112 201 178 264 254
355 205 463 256 Prvnr
482 204 606 257 oaosn
623 205 873 258 menoamavu

111 373 169 434 per
206 348 380 431 epistulam
418 348 459 413 ad
491 348 671 415 Minucium
703 349 896 416 Fundanum
932 354 1120 436 proconsule

111 440 210 502 Asiae
239 436 358 518 datam,
388 433 432 501 lut
458 438 582 503 nemini
610 440 722 504 liceret
745 436 950 505 Christianos
980 441 1052 506 sine
1074 442 1122 506 ob
1136 455 1183 504 ac

76 528 196 594 tiectu
220 527 363 592 criminis
392 530 449 591 aut
470 527 664 611 probatione
687 528 854 612 damnare3
882 528 1035 613 idemque
1057 551 1124 595 ocn-

48 594 86 647 ’Χ
111 616 204 681 tinuo
233 621 327 700 pater
352 617 478 701 patriae
506 616 540 718 in
571 620 687 682 senatu
709 616 797 681 ultra
820 638 945 719 morem
969 618 1125 684 maiorum

111 707 465 861 attitulatis
482 704 978 880 rihluiutlilitsi²ditiiti
1001 721 1157 862 itti?

77 893 94 941 4
114 881 322 949 Sauromatas
341 880 454 969 gessit
472 887 504 948 et
522 882 609 948 uicit.
631 881 768 948 Iudaeos
783 904 868 966 sane,
882 885 1126 966 perturbatione
1140 910 1158 948 r.
1179 905 1181 917 ’

114 974 269 1039 scelerum
289 995 421 1039 suorum
440 972 621 1057 exagitatos
640 975 673 1037 et
686 971 904 1037 Palaestinam
922 975 1126 1056 prouinciam

113 1064 276 1145 quondam
300 1085 392 1128 suam
416 1061 658 1145 depopulantes,
680 1061 797 1124 ultima
820 1060 917 1125 caede
936 1062 1126 1148 perdomuit,

112 1151 264 1235 ultusque
288 1155 337 1215 est
361 1148 578 1234 Christianos,
602 1171 682 1233 quos
705 1149 754 1213 illi
778 1147 931 1214 Gooheba
954 1150 1051 1235 duce,
1072 1166 1159 1217 cur¹⁰

113 1239 175 1301 sibi
204 1241 373 1303 aduersum
396 1237 563 1302 Romanos
591 1260 657 1302 non
680 1238 939 1319 adsenterentur,
967 1244 1126 1305 excrucia·

76 1324 203 1410 ubant3
226 1326 464 1409 praecepitque,
486 1346 526 1389 ne
550 1326 602 1389 cui
623 1324 742 1390 Iudaeo
766 1326 952 1391 introeundi
976 1326 1127 1394 Hieroso·

111 1414 234 1495 lymam
258 1416 344 1477 esset
367 1412 511 1495 licentia,
535 1410 729 1478 Christianis
751 1417 880 1479 tantum
902 1414 1037 1482 ciuitate
1060 1440 1127 1502 per-

110 1501 222 1565 missa:
251 1524 347 1586 quam
376 1503 446 1586 ipse
477 1501 511 1565 in
539 1502 698 1586 optimum
727 1505 849 1568 statum
877 1526 1048 1570 murorum
1075 1529 1127 1571 ex-

111 1592 289 1655 structione
316 1591 482 1675 reparauit
509 1594 542 1656 et
564 1591 693 1656 Aeliam
720 1593 830 1657 uocari
853 1593 892 1657 de
914 1595 1128 1677 praenomine
1140 1607 1161 1649 1⁵

110 1699 168 1742 suo
192 1680 365 1764 praecepit.

57 1769 95 1825 14
178 1769 276 1832 Anno
310 1771 351 1834 ab
384 1770 463 1834 urbe
496 1769 627 1835 condita
658 1785 912 1836 Dcccnxxxvm
942 1769 1127 1837 Antoninus

110 1862 325 1940 cognomento
344 1858 423 1922 Pius
443 1859 559 1923 tertius
582 1857 724 1923 decimus
749 1859 789 1924 ab
813 1858 965 1945 Augusto
988 1860 1126 1946 impera·

109 1949 163 2010 tor
187 1943 321 2010 crealtus
345 1968 419 2012 cum
442 1947 553 2011 liberis
578 1947 645 2012 suis
669 1946 803 2012 Aurelio
828 1950 861 2012 et
882 1947 982 2013 Lucio
1008 1949 1126 2034 uiginti
1142 1974 1185 2013 n·

111 2038 143 2099 et
172 2058 238 2100 non
267 2036 372 2119 plenis
403 2035 508 2099 tribus
540 2036 634 2099 annis
663 2036 898 2119 rempublicam
929 2037 1126 2121 gubernauit
1139 2053 1162 2094 ²0

111 2124 190 2187 adeo
221 2122 396 2208 tranquille
427 2125 460 2186 et
491 2127 615 2205 sancte,
649 2127 687 2188 ut
715 2124 832 2189 merito
862 2124 940 2190 Pius
970 2130 1004 2190 et
1033 2132 1127 2212 pater

73 2219 89 2269 2
108 2214 233 2294 patriae
252 2213 437 2276 nominatus
457 2212 507 2275 sit.
544 2211 640 2276 huius
659 2214 770 2277 tamen
788 2215 990 2297 temporibus
1004 2213 1127 2279 Valen-

107 2299 196 2364 tinus
224 2300 466 2367 haeresiarches
495 2302 528 2364 et
552 2296 656 2365 Cerdo
680 2302 838 2388 magister
860 2302 1037 2368 Marcionis
1061 2303 1126 2370 Ro·

108 2410 197 2451 mam
229 2392 395 2455 uenerunt.
441 2411 554 2454 uerum
583 2389 729 2456 Iustinus
758 2390 973 2477 philosophus
1003 2392 1125 2458 librum

107 2476 1026 2654 aatltttttqtltt‘tatttrititritt
1038 2484 1125 2635 fit.
1139 2494 1163 2538 '⁵

107 2654 293 2721 Antoninus
326 2658 366 2722 ad
397 2657 621 2722 duodecimum
651 2657 693 2721 ab
723 2658 802 2722 urbe
834 2657 976 2741 lapidem
1008 2660 1125 2725 morbo

108 2746 275 2825 correptus
298 2746 432 2810 interiit.

54 2828 90 2886 15
177 2827 279 2896 lAnno
305 2834 346 2898 ab
369 2834 449 2898 urbe
468 2833 599 2898 condita
616 2848 767 2898 nccccxr
785 2831 913 2895 Marcus
932 2829 1123 2900 Antoninus
1143 2863 1165 2902 n.

107 2916 211 2982 Verus
227 2925 362 3003 quartus
378 2921 521 2985 decimus
537 2923 578 2986 ab
589 2920 736 3004 Augusto
751 2938 887 3002 regnum
902 2939 975 2983 cum
987 2916 1123 2988 Aurelio
1138 2943 1166 2984 co

108 3004 284 3072 Commodo
299 3008 400 3072 fratre
420 3008 566 3091 suscepit
584 3007 768 3090 mansitque
786 3007 822 3070 in
840 3027 878 3072 eo
899 3008 994 3074 annis
1013 3009 1123 3076 decem

109 3099 142 3160 et
170 3119 295 3162 nouem.
340 3095 376 3160 hi
405 3096 504 3179 primi
531 3095 763 3180 rempublicam
793 3118 896 3182 aequo
925 3099 994 3164 iure
1023 3102 1123 3165 tutati

73 3194 89 3241 2
110 3189 194 3250 sunt.
231 3186 353 3251 bellum
373 3183 487 3249 deinde
507 3188 620 3249 contra
638 3183 778 3250 Parthos
798 3186 983 3254 admirabili
1001 3189 1122 3254 uirtute

109 3277 141 3338 et
170 3274 323 3340 felicitate
353 3277 532 3361 gesserunt.
566 3273 706 3339 'Annius
735 3272 920 3343 Antoninus
943 3277 1049 3344 Verus
1080 3279 1120 3343 ad

108 3362 141 3425 id
166 3365 287 3429 bellum
309 3363 472 3449 profectus
496 3366 556 3427 est.
587 3361 772 3449 Vologesen
792 3367 887 3451 enim,
910 3387 966 3431 rex
984 3365 1120 3432 Partho·
1134 3383 1160 3424 ³⁵

107 3472 188 3536 rum,
212 3454 306 3537 graui
325 3452 494 3539 eruptione
512 3450 701 3528 Armeniam
720 3450 958 3539 Cappadociam
977 3452 1121 3537 Syriam-

72 3548 87 3596 3
108 3558 169 3620 que
188 3544 350 3608 uastabat.
387 3540 444 3608 sed
461 3540 655 3625 Antoninus,
678 3563 735 3626 per
759 3543 999 3608 strenuissimos
1024 3542 1119 3609 duces
