2370 3960
105 188 171 252 222
353 189 461 240 PAVLI
480 188 603 239 onosn
620 187 869 238 HISTORlARVM

105 333 160 396 uix
179 355 243 396 uno
264 331 396 395 castello
416 333 611 415 expugnato,
629 333 748 413 pacem
761 350 833 392 cum
847 326 1013 391 Antiocho
1032 325 1117 407 fecit,

52 437 86 483 at
105 425 142 484 ut
160 422 231 502 ipse
251 423 378 484 tantam
396 441 464 482 rem
479 440 719 483 consummasse
733 418 905 481 uideretur.
928 414 1116 479 Ventidium

106 507 219 592 Syriae
242 508 399 591 praefecit
421 507 579 590 iussitque
598 511 635 571 ut
651 505 818 591 Antigono
836 504 957 568 bellum
976 503 1118 584 inferret,

105 598 160 680 qui
187 596 324 661 ludaeos
354 601 423 660 tum
451 597 536 660 forte
564 595 783 660 debellauerat
810 593 977 676 captisque
1005 591 1117 655 Hiero·

105 685 237 769 solymis
261 686 418 768 templum
442 684 640 768 spoliauerat
662 703 863 766 regnumque
881 681 1005 744 Herodi
1028 680 1118 744 dede·
1144 694 1156 734 ⁵

53 789 87 836 ‘25
106 777 172 837 rat:
188 795 283 856 quem
299 772 454 838 continuo
469 773 591 836 uictum
604 772 640 836 in
654 770 850 836 deditionem
865 770 994 852 recepit.
1021 767 1118 832 Mena

104 863 240 927 libertus
272 883 341 926 cum
368 883 423 925 sex
446 861 585 924 nauibus
609 860 648 924 ad
671 859 862 943 Pompeium
884 858 989 941 rediit,
1013 878 1117 941 aquo

105 952 280 1016 clementer
297 953 447 1034 receptus
466 948 613 1014 Caesaris
637 949 773 1013 classem
796 946 946 1030 incendit,
970 945 1117 1030 quamuis

104 1062 208 1122 nuper
236 1037 357 1103 Caesar
386 1040 522 1102 alteram
551 1038 691 1102 secundo
719 1035 890 1120 naufragio
914 1033 1117 1118 perdidisset.

104 1130 253 1210 idemque
275 1127 374 1190 Mena
400 1130 515 1210 postea
544 1127 585 1190 ab
610 1127 757 1210 Agrippa
779 1123 889 1189 nauali
911 1122 1035 1206 proelio
1061 1122 1158 1186 cir-10

104 1218 295 1281 oumuentus
325 1236 397 1277 cum
426 1236 482 1278 sex
509 1214 696 1278 triremibus
720 1214 760 1276 ad
785 1211 955 1277 Caesarem
979 1210 1119 1275 transiit.

105 1304 159 1367 sed
190 1304 275 1365 hunc
305 1299 425 1365 Caesar
452 1303 551 1365 tertio
582 1301 801 1385 transfugam,
833 1300 960 1364 indulta
989 1301 1119 1364 tantum

50 1409 83 1455 ao
104 1391 186 1471 uita,
217 1387 356 1472 segnem
385 1389 527 1471 reliquit.
573 1387 687 1453 deinde
716 1387 865 1472 Agrippa
895 1389 982 1453 inter
1010 1385 1118 1470 Mylas
1132 1405 1180 1451 n4

103 1482 135 1541 et
158 1476 293 1558 Liparas
326 1476 482 1540 aduersus
505 1475 705 1541 Democham
734 1480 766 1539 et
789 1476 979 1561 Pompeium
1003 1475 1119 1540 nauale

103 1566 262 1649 proelium
287 1565 388 1648 gessit
411 1587 448 1629 ac
466 1565 546 1629 uicit
563 1565 672 1650 ibique
692 1570 769 1629 tunc
787 1586 888 1629 naues
907 1565 1044 1648 triginta
1063 1567 1120 1628 aut
1134 1582 1159 1620 15

103 1654 257 1716 demersit
276 1656 333 1716 aut
352 1654 440 1735 cepit
457 1653 589 1737 reliquis
609 1654 769 1718 laceratis.
805 1654 979 1736 Pompeius
997 1652 1120 1716 Messa-

50 1762 82 1809 27
102 1763 178 1805 nam
199 1741 355 1824 confugit.
388 1740 507 1806 Caesar
524 1743 649 1807 interea
663 1743 916 1807 Tauromenium
934 1742 1120 1806 traiecerat:

102 1850 197 1913 quem
216 1830 385 1911 repentino
405 1831 527 1913 impetu
546 1830 720 1914 Pompeius
739 1831 876 1895 adflixit:
900 1829 983 1893 unde
1006 1829 1119 1893 multis

101 1917 254 1980 demersis
282 1918 421 1981 nauibus
450 1919 522 1981 suis¹
544 1940 581 1983 ac
608 1940 729 2003 magna
753 1918 961 1983 multitudine
985 1939 1118 1982 suorum
1168 1994 1173 2002 .

102 2006 241 2069 militum
264 2005 400 2088 perdita,
423 2005 457 2068 in
482 2006 613 2069 Italiam
634 2005 754 2071 Caesar
772 2007 915 2091 aufugit,
938 2028 998 2071 nec
1021 2007 1118 2070 inter·
1133 2024 1159 2062 2⁰

49 2098 83 2145 28
102 2094 252 2157 ueniente
280 2114 372 2156 mora
401 2093 435 2155 in
459 2092 604 2157 Siciliam
631 2094 739 2176 rediit;
768 2095 876 2176 ibique
899 2094 1058 2179 Lepidum
1081 2116 1119 2158 ex
1146 2124 1149 2129 ·

102 2182 215 2245 Africa
235 2181 464 2243 aduentantem
488 2181 621 2244 obuium
644 2181 769 2261 habuit,
793 2204 935 2247 summas
960 2183 1023 2247 sibi
1046 2204 1119 2265 par-

51 2273 84 2321 29
103 2273 154 2332 tes
176 2272 300 2333 terrore
322 2269 418 2331 minis
443 2290 479 2332 ac
503 2268 656 2351 superbia
677 2268 906 2335 uindicantem.
952 2274 1028 2354 post
1051 2271 1119 2335 dies

103 2379 224 2441 paucos
247 2356 394 2440 Agrippa
421 2355 511 2419 iussu
535 2354 684 2421 Caesaris
713 2379 732 2420 a
760 2357 856 2423 litore
884 2381 957 2424 cum
980 2360 1047 2423 acie
1068 2359 1117 2423 in-

105 2451 228 2510 structa
260 2444 496 2528 prospectantis
529 2445 734 2510 atrocissimo
765 2447 876 2511 nauali
905 2447 1031 2531 proelio
1062 2448 1117 2512 ad·
1132 2463 1157 2502 2⁵

103 2556 217 2598 uersus
237 2532 424 2616 Pompeium
444 2531 589 2595 conflixit
607 2536 641 2597 et
658 2533 746 2598 uicit.
783 2555 860 2598 nam
879 2539 1008 2600 centum
1027 2557 1117 2599 sexa·

104 2623 196 2711 giqta
220 2625 252 2682 et
275 2625 341 2683 tres
363 2623 464 2682 naues
488 2623 544 2682 aut
567 2621 721 2685 demersit
740 2625 796 2686 aut
816 2624 910 2705 cepit.
943 2622 1117 2704 Pompeius

47 2729 81 2777 30
101 2706 174 2772 cu'm
197 2709 306 2770 decem
330 2709 362 2769 et
386 2711 509 2788 septem
533 2709 670 2773 nauibus
689 2709 745 2772 uix
764 2710 893 2790 elapsus
913 2710 1025 2771 euasit.
1057 2709 1117 2772 Le·

98 2796 193 2877 pidus
217 2814 336 2876 magna
358 2793 477 2876 uiginti
500 2795 666 2878 legionum
689 2795 866 2859 insolentia
889 2798 1017 2857 tumens
1041 2815 1116 2859 curn

99 2881 284 2944 Messanam
303 2881 461 2943 militibus
479 2883 673 2964 permissam
691 2882 887 2964 diripuisset,
905 2881 1013 2964 ipsum
1033 2879 1114 2946 an—
1129 2903 1156 2943 ao

101 2990 204 3034 sarem
224 2967 264 3030 ad
283 2988 317 3030 se
336 2967 519 3031 uenientem
543 2968 642 3032 semel
666 2971 763 3051 atque
786 2969 905 3044 iterum
929 2969 1053 3051 spreuit
1077 2993 1115 3036 ac

1 3065 2 3068 ’
46 3072 79 3119 31
99 3058 207 3141 potius
227 3054 301 3118 telis
321 3055 430 3136 adpeti
444 3053 551 3119 iussit.
588 3077 670 3139 quae
688 3055 744 3119 ille
769 3055 904 3120 collecta
926 3057 962 3121 in
984 3058 1114 3125 laeuum

99 3143 286 3210 bracchium
298 3143 428 3207 lacerna
441 3143 624 3225 repellendo
639 3142 769 3233 uitauit3
788 3165 864 3208 mox
879 3144 1016 3211 inmisso
1031 3169 1114 3231 equo

100 3235 140 3299 ad
165 3255 240 3302 suos
263 3252 420 3312 reuersus,
442 3230 600 3294 instructo
620 3224 762 3295 exercitu
782 3232 936 3298 aduersus
954 3234 1113 3318 Lepidum

99 3323 248 3404 ueniens,
279 3320 435 3403 plurimas
467 3317 610 3402 legiones
642 3316 756 3400 Lepidi
788 3322 901 3402 paucis
932 3323 1113 3388 interfectis
1128 3343 1155 3381 ³⁵

46 3431 79 3478 aa
99 3411 237 3474 transire
267 3409 301 3472 in
331 3427 423 3471 suam
451 3409 577 3489 partem
607 3407 761 3488 conpulit.
806 3408 947 3492 Lepidus
979 3411 1113 3475 tandem

98 3498 304 3581 intellegens,
332 3515 395 3578 quo
423 3494 551 3558 uanitas
579 3514 639 3556 sna
660 3493 820 3578 tenderet,
848 3497 998 3581 deposito
1021 3500 1113 3582 palu-
