2370 3960
85 161 150 225 152
328 163 437 213 PAVLI
456 161 579 214 OROSII
596 162 848 215 HISTORIARVM
866 179 869 185 ·

30 342 34 351 ·
83 309 246 387 oneraret,
270 303 379 388 Scipio
403 303 576 370 Africanus
604 328 763 372 consensu
786 306 930 372 omnium
952 306 1100 372 tribuum

82 395 195 459 consul
215 395 341 457 creatus
362 397 460 478 atque
479 394 520 460 ad
535 395 783 480 expugnandam
796 393 1100 460 Numantiamcum

47 482 224 545 nexercitu
252 482 372 546 missus
400 487 459 548 est.
510 481 690 549 Numantia
718 487 827 549 autem
856 483 1014 549 citerioris
1043 483 1101 557 Hi·

82 570 224 652 spaniae,
247 569 335 635 haud
353 573 466 656 procul
484 594 504 636 a
522 571 678 637 Vaccaeis
697 576 730 637 et
748 571 921 638 Cantabris
940 573 974 636 in
993 573 1100 656 capite

46 655 267 722 3Gallaeciae
294 660 371 743 sita,
401 660 516 725 ultima
543 658 790 726 Celtibelrorum
818 662 888 726 fuit.
933 660 1014 725 haec
1040 682 1101 744 per
1114 691 1136 728 r·
1148 679 1182 719 301

83 767 187 812 annos
212 747 470 829 quattuordecim
493 771 566 813 oum
595 749 673 814 solis
697 753 851 834 quattuor
872 750 1004 815 milibus
1027 771 1127 814 suo-e

82 857 155 900 rum
180 835 398 920 quadraginta
420 837 513 901 milia
534 836 758 903 Romanorum
781 860 847 902 non
873 839 979 904 solum
1002 838 1099 902 susti·

82 925 157 989 nuit
186 924 240 989 sed
269 924 368 988 etiam
396 925 476 989 uicit
504 925 726 1011 pudendisque
756 925 940 992 foederibus
970 926 1099 992 adfecit.

48 1013 185 1096 rigitur
213 1012 319 1095 Scipio
348 1012 524 1078 Africanus
552 1014 742 1099 Hispaniam
772 1014 939 1098 ingressus
967 1037 1034 1079 non
1065 1036 1099 1078 se

82 1101 157 1165 ilico
177 1100 317 1185 ingessit
335 1100 496 1186 hostibus,
514 1106 552 1167 ut
570 1103 663 1186 quasi
676 1103 823 1166 incautos
839 1103 1100 1185 circumueniret,
1115 1128 1142 1168 ιο

82 1189 186 1252 sciens
216 1210 394 1270 numquam
421 1188 484 1254 hoc
511 1210 613 1273 genus
640 1189 809 1253 hominum
832 1189 912 1252 adeo
936 1190 971 1251 in
995 1190 1100 1254 otium

82 1297 216 1359 corpore
245 1281 343 1361 atque
372 1277 481 1341 animo
509 1276 641 1359 resolui,
671 1279 708 1340 ut
736 1296 805 1339 non
833 1274 906 1357 ipsa
936 1276 1098 1357 qualitate

80 1363 282 1428 habitudinis
307 1386 385 1429 suae
414 1367 589 1447 apparatus
619 1363 758 1428 aliorum
787 1362 1008 1446 praecelleret,
1039 1363 1097 1426 sed
1148 1367 1157 1386 ⁹

82 1453 281 1535 aliquamdiu
310 1453 447 1518 militem
474 1474 568 1516 suum
595 1452 630 1516 in
657 1451 772 1516 castris
799 1451 889 1536 uelut
915 1451 950 1515 in
974 1449 1095 1516 scholis

45 1556 60 1604 5
81 1541 233 1606 exercuit.
279 1545 312 1606 et
338 1563 412 1606 curn
438 1544 565 1624 partem
595 1540 730 1607 aestatis
759 1543 927 1625 totamque
953 1540 1096 1605 hiemem
1113 1568 1139 1608 15

79 1651 121 1694 ne
145 1630 348 1715 adtemptata
364 1629 500 1714 ⁸quidem
521 1650 633 1716 pugna
654 1630 876 1716 transegisset,
899 1630 945 1695 sio
968 1651 1097 1715 quoque

46 1734 197 1803 sparum
225 1720 459 1804 propemodum
486 1719 549 1785 hac
576 1720 715 1804 profecit
742 1719 912 1786 industria.
957 1740 1097 1802 namque

80 1808 138 1872 ubi
162 1810 257 1893 copia
278 1807 445 1894 pugnandi
469 1807 557 1874 facta
576 1812 639 1894 est',
663 1810 822 1874 exercitus
845 1808 1012 1873 Romanus
1041 1829 1097 1891 op-

81 1920 211 1981 pressus
243 1899 368 1981 impetu
399 1895 679 1963 Numantinorum
706 1901 801 1983 terga
834 1897 1008 1981 conuertit3
1041 1896 1097 1960 sed

80 1987 302 2069 increpatione
331 1991 365 2050 et
387 1985 484 2050 minis
509 1986 701 2051 obiectantis
725 2008 796 2051 sese
820 1985 961 2051 consulis
985 2007 1096 2050 manu-
1111 2013 1138 2053 ao

80 2095 142 2158 que
169 2074 338 2138 retinentis
368 2074 501 2139 tandem
524 2074 713 2158 indignatus
735 2075 771 2138 in
794 2075 923 2139 hostem
946 2073 1043 2138 rediit
1066 2077 1099 2138 et

80 2184 176 2246 quem
195 2162 342 2246 fugiebat
360 2161 472 2247 fugere
491 2163 645 2246 conpulit.
680 2162 822 2228 difficilis
841 2167 919 2227 tunc
937 2162 973 2226 in
991 2163 1098 2228 relatu

11 2306 14 2312 ,
80 2249 173 2314 fides:
197 2248 417 2316 Numantinos
436 2256 469 2315 et
486 2251 642 2337 fugauere
662 2254 695 2316 et
716 2250 880 2335 fugientes
903 2250 1013 2316 uidere
1033 2251 1098 2316 Ro-

48 2340 181 2404 rmani.
226 2337 311 2404 unde
341 2340 488 2424 quamuis
516 2337 639 2424 Scipio,
669 2340 755 2424 quia
772 2343 903 2423 praeter
930 2361 1022 2423 spem
1046 2361 1096 2404 ac·

81 2429 216 2512 ciderat,
240 2429 381 2493 laetatus
405 2431 438 2493 et
459 2428 619 2513 gloriatus
643 2432 744 2512 esset,
768 2433 879 2495 tamen
901 2429 988 2492 ultra
1009 2427 1096 2493 bello
1111 2456 1137 2497 aa

46 2532 62 2580 8
84 2518 254 2583 aduersum
274 2539 330 2584 eos
349 2516 531 2582 audendum
549 2538 617 2582 non
635 2539 705 2582 esse
717 2517 883 2602 professus
898 2520 956 2584 est.
988 2517 1098 2600 itaque

82 2606 189 2690 Scipio
213 2606 428 2670 insistendum
450 2605 630 2688 inopinatis
652 2606 866 2690 prouentibus
889 2604 1022 2684 censuit,
1045 2625 1096 2667 ur-

80 2696 154 2758 bem
178 2695 283 2776 ipsam
308 2692 474 2759 obsidione
498 2695 667 2777 conclusit,
690 2694 778 2760 fossa
801 2695 900 2758 etiarn
924 2691 1095 2756 circumde-

83 2779 151 2865 ldit,
187 2783 277 2846 cuius
310 2781 447 2846 latitudo
479 2781 615 2864 pedibus
648 2783 772 2866 decem,
804 2779 942 2845 altitudo
974 2776 1095 2860 uiginti
1113 2802 1135 2839 r.
1149 2794 1185 2834 ao

45 2880 60 2928 9
80 2870 153 2935 fuit.
197 2868 306 2951 ipsum
330 2869 446 2933 deinde
469 2869 591 2934 uallum
615 2869 748 2935 sudibus
771 2868 1011 2951 praestructum
1030 2885 1096 2929 cre·
1110 2880 1137 2921 30

81 2959 148 3023 bris
181 2957 327 3022 turribus
358 2957 573 3040 conmuniuit,
604 2960 654 3040 ut,
687 2957 716 3021 si
746 2978 810 3042 qua
838 2955 879 3019 ab
908 2957 1097 3037 erumpente

80 3047 174 3113 hoste
205 3046 240 3110 in
270 3067 344 3110 eum
373 3049 589 3130 temptaretur
618 3045 776 3128 inruptio,
808 3044 875 3108 iarn
907 3066 975 3109 non
1003 3044 1098 3129 quasi

82 3136 232 3202 obsessor
262 3156 335 3199 cum
367 3135 500 3200 obsesso
531 3135 587 3200 sed
616 3155 711 3199 uersa
740 3134 811 3198 uice
841 3134 993 3200 obsessus
1024 3155 1096 3199 cum

28 3239 63 3288 10
84 3227 254 3292 obsessore
276 3227 444 3309 pugnaret
490 3222 669 3289 Numantia
691 3225 801 3287 autem
823 3222 857 3287 in
879 3222 1008 3288 tumulo
1032 3223 1097 3287 sita

83 3316 170 3381 haud
197 3313 311 3399 procul
331 3335 351 3378 a
372 3311 504 3377 flumine
526 3310 630 3376 Durio
653 3310 718 3375 tria
740 3311 831 3376 milia
852 3333 1009 3396 passuum
1032 3330 1097 3373 am·
1110 3323 1137 3364 ³⁵

80 3404 152 3468 bitu
175 3403 260 3468 muri
282 3401 543 3486 amplexabatur3
566 3400 714 3485 quamuis
733 3399 835 3484 aliqui
854 3400 1007 3465 adserant
1024 3418 1096 3461 eam

27 3505 60 3553 11
81 3497 115 3557 et
137 3514 239 3576 paruo
263 3492 329 3556 situ
353 3495 386 3557 et-
408 3489 477 3556 sine
500 3511 593 3554 muro
615 3487 729 3554 fuisse:
752 3487 838 3553 unde
861 3486 1015 3554 credibile
1038 3487 1097 3569 est,
