2370 3960
207 136 211 143 ¹
312 179 509 230 snvnnsvn
526 179 691 233 exornes
709 181 752 231 111
770 184 813 233 aa
985 178 1072 243 197

76 327 90 386 t
112 321 193 386 belli
217 321 341 386 socium
360 320 507 404 Pyrrhus
531 343 587 386 rex
604 321 698 406 Epiri
716 322 832 408 iungit,
855 344 991 406 sperans
1009 322 1072 388 De·

50 345 209 476 hetrium
236 409 429 474 Macedonia
459 431 555 511 posse
588 409 717 494 depelli.
762 433 821 476 nec
849 432 923 494 spes
952 411 1073 478 frustra

58 499 133 564 fuit:
163 499 284 583 quippe
308 498 451 562 exercitu
475 499 543 562 eius
568 499 754 584 corrupto
744 521 879 584 1psoque
902 500 938 564 in
960 501 1073 586 fugam

59 591 140 672 acto,
164 608 300 672 regnum
318 585 528 652 Macedoniae
548 586 726 671 Pyrrhus
717 589 847 652 muasit
880 588 994 653 deinde
1010 589 1073 674 Ly·
1092 601 1127 650 66

35 675 221 777 tsimachus
246 696 402 760 generum
426 698 520 740 suum
539 675 753 760 Antipatrum
776 675 933 741 insidiant
919 681 986 741 tem
1010 679 1073 744 sibi

57 763 223 829 interfecit
208 764 412 849 tfiliumque
436 786 530 828 suum
544 762 765 850 Agathoclem
788 765 875 828 ultra
892 764 1072 831 humanum

56 875 180 917 morem
203 874 340 936 perosus
365 853 491 918 occidit.

123 941 248 1017 Quibus
279 940 410 1026 quidem
438 940 550 1006 diebus
578 939 786 1023 Lysimachia
814 941 894 1004 cinit
896 963 931 1005 as
959 941 1071 1006 formi-
1092 949 1125 998 5⁷

56 1019 263 1094 dolosissimo
294 1033 400 1093 terrae
430 1032 522 1094 motu
549 1050 674 1113 euersa,
704 1050 923 1114 oppressoque
950 1032 1072 1114 populo

21 1136 44 1173 1⁰
57 1141 115 1183 suo
140 1117 268 1183 crudele
293 1117 499 1202 sepulchrum
522 1116 593 1181 fuit.
634 1116 862 1202 Lysimachum
886 1121 943 1182 aut
944 1140 995 1182 em
1019 1120 1072 1183 ad·
1091 1125 1125 1175 58
1176 1195 1181 1202 Ι

57 1207 157 1271 siduis
192 1230 226 1271 se
258 1206 440 1290 parricidiis
473 1209 696 1271 cruentantem
730 1228 842 1271 omnes
876 1207 955 1271 socii
983 1207 1084 1274 dese·
1087 1220 1144 1271 rx

55 1298 242 1360 rueruntt
210 1317 227 1358 e
228 1295 302 1359 tad
317 1292 488 1359 Seleucum
506 1294 700 1373 deficientes,
719 1317 860 1378 pronum
879 1297 945 1360 iam
960 1317 1072 1380 regem

56 1384 277 1449 aemulatione
300 1384 401 1469 regni,
425 1386 462 1446 ut
479 1383 601 1447 bellum
616 1383 812 1467 Lysimacho
831 1385 974 1467 inferret,
997 1385 1073 1450 hor-

55 1473 119 1536 tati
148 1475 234 1537 sunt.
280 1494 331 1536 res
359 1472 539 1536 foedissimi
567 1472 743 1555 spectaculi
772 1476 855 1557 erat,
883 1474 945 1538 duo
970 1494 1073 1559 reges,
1093 1481 1126 1530 59

17 1577 196 1644 1⁵qu0rum
228 1559 443 1644 Lysimachus
481 1581 583 1623 annos
618 1564 714 1625 natus
746 1579 883 1644 nxxun,
920 1560 1073 1627 Seleucus

55 1652 167 1712 autem
185 1667 317 1732 nxxvn,
342 1649 380 1712 de
404 1648 578 1732 eripiendis
603 1649 651 1713 alt
636 1652 797 1714 terutrum
815 1650 924 1735 regnis
943 1672 1073 1731 concur-

54 1759 135 1820 rere,
159 1739 194 1801 in
218 1738 287 1801 acie
307 1742 402 1819 stare,
426 1759 517 1800 arma
535 1756 656 1820 gerere.
692 1737 843 1802 ultimum
862 1737 924 1801 hoc
943 1739 1073 1822 quidem
1093 1747 1127 1795 60

53 1788 179 1890 belldm
199 1825 376 1889 Alexandri
400 1825 558 1889 commilit
544 1829 657 1889 tonum
680 1825 751 1909 fuit,
775 1819 831 1889 sed
854 1825 939 1909 quod
961 1827 1001 1890 ad
1021 1847 1073 1890 ex-

55 1915 201 1999 emplum
228 1914 391 1978 humanae
415 1913 564 1978 miseriae
586 1913 687 1978 fuerit
709 1917 922 1978 reseruatum:
953 1915 1072 1999 quippe
1092 1923 1125 1972 61

16 2021 41 2060 ²⁰
55 2025 129 2067 cum
154 2004 267 2068 orbem
290 2007 450 2068 terrarum
474 2001 675 2067 exstinctis
665 2025 731 2066 iam
750 2020 877 2067 xmln
896 2002 1074 2068 Alexandri

54 2092 192 2156 ducibus
217 2092 279 2156 soli
297 2090 501 2176 possiderent
520 2093 553 2154 et
571 2092 822 2175 angustissimos
842 2092 1016 2156 senectutis
1036 2113 1074 2157 ac

54 2181 146 2244 uitae
180 2202 258 2245 suae
290 2179 448 2245 terminos
479 2200 547 2243 non
576 2180 784 2264 aspicientes,
817 2184 974 2264 angustos
1003 2202 1073 2246 esse

55 2269 195 2353 imperio
220 2290 279 2333 suo
303 2268 404 2332 totius
427 2268 540 2331 mundi
562 2269 720 2332 terminos
744 2269 996 2334 arbitrabantur.
1039 2271 1075 2334 in
1092 2278 1126 2327 62

10 2376 43 2415 m
58 2380 95 2423 eo
120 2358 208 2422 bello
227 2356 451 2442 Lysimachus,
473 2356 527 2420 uel
550 2356 680 2421 amissis
704 2357 756 2421 uel
779 2353 964 2422 interfelctis
983 2358 1074 2442 prius

19 2464 42 2503 2⁵
56 2449 133 2511 ante
158 2445 243 2511 hano
266 2466 409 2530 pugnam
434 2444 618 2529 quindecim
640 2445 761 2528 liberis,
783 2448 967 2529 postremus
992 2446 1074 2509 occi·

55 2558 111 2600 sus
141 2539 200 2600 est.
247 2535 292 2598 sic
315 2533 529 2617 Lysimachus
553 2533 672 2597 solutio
696 2553 825 2617 pugnae
847 2532 1074 2597 Macedonicae

53 2624 128 2689 fuit.
177 2623 232 2689 sed
260 2645 301 2687 ne
330 2620 483 2687 Seleucus
511 2621 641 2706 quidem
668 2623 761 2684 tanta
788 2621 926 2685 uictoria
954 2621 1073 2705 inpune
1093 2632 1127 2681 63

55 2714 200 2777 laetatus
225 2715 287 2776 est:
311 2732 388 2774 nam
411 2731 515 2793 neque
539 2711 609 2793 ipse
627 2712 703 2792 post
721 2727 845 2774 nxxvn
865 2731 967 2774 annos
986 2710 1075 2796 quie-

54 2809 122 2865 tem
154 2801 316 2865 naturalis
344 2800 461 2863 mortis
488 2798 627 2881 inuenit,
661 2798 716 2862 sed
745 2801 907 2864 extortam
935 2799 998 2863 sibi
1026 2798 1074 2863 in-

18 2890 196 2954 sofelioit‘er
222 2890 325 2953 uitam
353 2888 444 2952 uelut
469 2887 645 2951 immatura
671 2885 777 2952 morte
804 2887 926 2952 finiuit:
955 2889 1074 2973 quippe
1094 2899 1128 2948 64

55 2978 231 3043 insistente
262 2976 466 3059 Ptolemaeo,
498 2975 590 3040 cuius
623 2996 766 3040 sororem
793 2975 1009 3060 Lysimachus
1041 2978 1076 3040 in

54 3066 266 3132 matrimonio
284 3065 453 3149 habuerat,
472 3063 597 3128 insidiis
617 3063 854 3129 circumuentus
874 3066 999 3130 occisus
1016 3069 1074 3129 est.

121 3154 216 3219 Haec
249 3157 326 3218 sunt
353 3154 439 3217 inter
465 3155 617 3236 parentes
646 3152 732 3218 filios
759 3152 876 3218 fratres
904 3176 942 3218 ac
970 3153 1073 3217 socios
1094 3162 1128 3212 66

55 3242 356 3328 consanguinitatis
381 3241 610 3326 societatisque
634 3242 834 3307 commercia.
880 3242 966 3306 tanti
989 3239 1075 3323 apud

18 3349 41 3389 ⁸⁵
54 3333 130 3398 illos
163 3332 277 3396 diuina
305 3334 402 3413 atque
430 3329 574 3394 humana
601 3329 717 3414 religio
745 3329 956 3413 pendebatur.
1003 3348 1075 3391 eru·
1094 3337 1128 3388 66

53 3422 194 3487 bescant
218 3441 296 3485 sane
319 3419 358 3482 de
381 3418 603 3483 recordatione
625 3419 885 3501 praeteritorum,
910 3416 965 3500 qui
988 3438 1075 3482 nunc

54 3510 246 3575 interuentu
277 3508 378 3573 solius
408 3507 485 3571 fidei
512 3504 716 3572 Christianae
747 3526 784 3570 ac
811 3504 918 3570 medio
946 3508 1075 3570 tantum

108 3623 215 3665 Onosrvs
230 3633 269 3662 no.
284 3622 481 3662 znuomnnnn.
898 3613 917 3662 'l
