2370 3960
78 169 142 233 112
324 173 433 226 enum
452 173 576 225 onosn
593 174 842 226 flrsnoannvn

76 319 256 400 egestatem
274 315 424 379 redactus
444 319 540 399 esset,
557 314 678 381 Hanno
696 317 873 399 imperator
892 337 999 380 nouus
1015 314 1093 381 Car·
1154 386 1155 389 ,

74 403 331 486 thaginiensium
361 425 434 468 cum
461 404 624 488 equitibus
652 404 740 468 mille
767 405 953 488 quingentis
979 408 1012 469 et
1035 406 1094 469 tri·

74 491 168 573 ginta
198 491 330 555 milibus
357 492 517 576 peditum,
548 493 686 576 triginta
714 493 812 557 etiam
841 492 1026 577 elephantis
1055 516 1095 558 ex

73 579 243 661 inprouiso
272 580 455 645 intercessit
482 582 821 665 expugnationemque
846 582 989 645 ciuitatis
1013 604 1093 666 pau-

39 666 174 748 olisper
201 668 336 733 distulit.
377 669 432 733 sed
456 669 610 734 continuo
634 669 751 734 ciuitas
775 673 873 752 capta
895 675 959 734 est:
989 669 1094 736 Poeni
1122 690 1134 730 5

73 757 217 821 maximo
240 756 327 822 bello
350 757 430 821 uicti
453 761 485 820 et
505 757 682 842 profligati,
704 758 854 823 undecim
874 756 1040 841 elephanti
1059 761 1094 824 in

74 848 271 927 potestatem
289 845 421 928 redacti,
440 843 649 930 Agrigentini
667 847 728 911 sub
748 869 868 914 corona
887 869 998 911 omnes
1016 869 1094 912 uen-

74 933 134 1084 qiti
159 938 247 1019 sunt3
271 933 437 998 Hannibal
461 936 570 999 senior
590 936 679 1000 faeta
700 958 774 1001 cum
791 936 902 1019 paucis
922 937 1094 1020 eruptione

95 1022 210 1107 iffugit

43 1126 56 1173 7
146 1109 204 1176 On.
223 1109 375 1176 Cornelio
394 1111 500 1176 Asina
518 1109 553 1177 C.
573 1111 684 1179 Duilio
704 1113 891 1178 consulibus
911 1134 983 1177 cum
1002 1111 1134 1178 Han-10

75 1200 168 1263 nibal
192 1201 301 1283 senior
324 1222 415 1264 oram
433 1199 548 1264 Italiae
566 1202 764 1265 maritimam
783 1203 943 1265 instructa
962 1205 1094 1284 septua-

76 1287 170 1368 ginta
192 1289 325 1352 nauium
350 1290 453 1353 classe
477 1292 631 1372 uastaret,
653 1288 795 1354 Romani
819 1293 852 1352 et
869 1290 934 1372 ipsi
953 1289 1094 1355 classem

41 1376 229 1441 siabricari
267 1381 363 1462 atque
399 1377 516 1441 instrui
552 1381 792 1461 praeceperunt.
844 1378 929 1460 quod
961 1376 1094 1445 Duilius

75 1466 189 1529 consul
224 1466 370 1530 celeriter
401 1465 552 1550 inpleuit3
588 1488 665 1530 nam
697 1467 787 1530 intra
812 1466 990 1549 >sexaginta
1023 1467 1093 1533 dies

74 1576 173 1638 quam
204 1555 335 1619 arbores
365 1576 477 1619 eaesae
506 1558 599 1618 erant
628 1558 757 1620 centum
786 1555 925 1640 triginta
954 1555 1093 1622 nauium
1108 1575 1131 1615 rs

40 1655 55 1704 9
75 1642 173 1707 classi
209 1643 346 1707 deducta
365 1644 399 1706 in
415 1643 564 1709 anchoris
581 1644 682 1708 stetit.
714 1642 882 1708 Cornelius
898 1641 1001 1708 Asina
1016 1665 1093 1709 con-

75 1731 126 1796 sul
145 1666 227 1796 aller
246 1753 320 1796 curn
339 1732 478 1797 sedecim
497 1733 637 1798 nauibus
651 1731 806 1816 liparam
824 1733 965 1797 insulam
984 1735 1092 1819 petiit3

74 1821 131 1885 ubi
154 1823 194 1886 ab
214 1819 397 1885 Hannibale
422 1823 515 1904 quasi
539 1822 580 1886 ad
601 1823 809 1906 conloquium
828 1821 917 1904 pacis
937 1825 1092 1886 euocatus

75 1909 199 1975 Punica
226 1908 339 1973 fraude
367 1914 482 1992 captus
512 1905 616 1993 'atque
643 1911 678 1974 in
705 1910 845 1974 uinculis
872 1913 1006 1974 necatus
1033 1915 1091 1974 est.
1105 1939 1128 1976 n·
1142 1930 1177 1969 2³4

25 2009 57 2057 10
78 1999 162 2082 quod
194 1998 251 2062 ubi
279 1996 408 2062 Duilius
442 1999 524 2062 alter
555 1998 669 2063 consul
701 1997 817 2081 audiit,
849 2019 923 2062 cum
954 1999 1093 2083 triginta
1107 2019 1133 2058 so

75 2087 214 2151 nauibus
234 2087 388 2151 aduersus
402 2085 621 2150 Hannibalem
639 2085 805 2169 profectus
826 2090 882 2151 est
918 2087 1091 2153 commisso

74 2176 186 2239 nauali
213 2176 338 2258 proelio
361 2174 541 2258 Hannibal,
571 2175 693 2239 amissa
715 2175 794 2239 naui
817 2197 881 2259 qua
902 2176 1092 2259 uehebatur,

76 2264 198 2346 scapha
221 2264 398 2329 subductus
423 2262 565 2347 aufugit3
594 2262 732 2348 triginta
755 2266 788 2327 ct
810 2285 876 2328 una
898 2286 998 2328 naues
1022 2265 1091 2334 eius

76 2355 204 2436 captae,
230 2352 385 2417 tredecim
413 2359 551 2435 mersae,
578 2352 643 2417 tria
671 2352 761 2416 milia
784 2352 953 2417 hominum
976 2353 1092 2434 occisa,'

76 2443 201 2524 septem
224 2441 315 2505 milia
338 2444 434 2524 capta
456 2440 649 2506 referuntur.
722 2460 724 2464 ’
1106 2460 1132 2500 25

24 2541 56 2589 11
141 2529 260 2595 Postea
279 2526 566 2614 Carthaginienses
582 2528 616 2596 C.
630 2528 764 2615 Aquilio
779 2528 876 2595 Floro
891 2529 926 2594 L.
942 2528 1092 2595 Cornelio

75 2617 225 2701 Scipione
240 2617 426 2683 consulibus
436 2617 632 2685 Hannonem
645 2619 681 2683 in
691 2619 800 2685 locum
810 2618 1004 2683 Hannibalis
1020 2619 1093 2683 sub·

73 2711 226 2790 rogatum
243 2728 303 2790 pro
318 2703 428 2771 Sardis
448 2711 482 2772 et
496 2706 606 2773 Corsis
621 2707 827 2772 defensandis
840 2706 951 2770 nauali
965 2706 1091 2786 proelio

73 2795 312 2878 praefecerunt,
344 2794 399 2880 qui
432 2817 451 2858 a
480 2793 632 2879 Scipione
662 2796 792 2860 consule
822 2795 941 2875 uictus,
969 2790 1089 2859 amisso

74 2884 214 2948 exercitu
233 2884 303 2967 ipse
322 2883 569 2949 confertissimis
586 2883 736 2948 hostibus
752 2903 786 2946 se
800 2878 967 2946 inmiscuit
980 2880 1090 2965 ibique
1105 2901 1132 2941 ao

25 2981 56 3031 12
75 2971 263 3037 interfectus
278 2976 339 3037 est.
360 2972 473 3037 eodem
488 2993 573 3036 anno
588 2972 653 3036 tria
666 2971 757 3036 milia
772 2991 941 3035 seruorum
955 2973 989 3034 et
999 2974 1090 3054 quat-

75 3064 150 3125 tuor
167 3061 258 3125 milia
276 3062 443 3126 naualium
463 3060 624 3126 sociorum
638 3059 674 3124 in
687 3057 777 3124 urbis
792 3059 916 3125 Romae
931 3058 1092 3126 excidium
1109 3115 1112 3118 .

76 3150 286 3216 coniurarunt
309 3153 351 3234 et,
373 3149 438 3214 nisi
461 3151 624 3215 maturata
641 3148 781 3235 proditio
806 3150 980 3217 consilium
999 3172 1092 3234 prae·

74 3240 227 3322 uenisset,
237 3239 393 3305 destituta
406 3237 567 3323 praesidio
582 3238 699 3303 ciuitas
714 3239 825 3303 seruili
839 3262 938 3305 manu
946 3240 1091 3324 perisset.

44 3332 61 3387 8
149 3325 253 3394 lAnno
272 3328 314 3393 ab
331 3327 395 3393 hoc
412 3327 556 3412 proximo
571 3326 738 3393 Calatinus
758 3329 873 3394 consul
886 3325 1090 3393 Camerinam
1105 3354 1127 3392 1>-
1142 3345 1177 3387 28⁵

77 3414 206 3482 Siciliae
225 3418 339 3482 urbem
356 3415 469 3502 petens
486 3420 607 3481 temere
621 3415 656 3479 in
671 3419 841 3500 angustias
857 3415 988 3481 deduxit
1002 3435 1091 3479 exer·
1105 3433 1131 3474 ae

76 3504 186 3588 citum,
211 3528 291 3590 quas
313 3506 496 3573 Poenorum
519 3506 631 3590 copiae
653 3505 719 3571 iam
744 3506 864 3572 dudum
886 3506 1091 3587 praestruxe-
