2370 3960
136 236 202 299 262
380 237 488 289 PAVLI
507 236 630 289 oaosn
647 236 896 289 msroaranvn

85 394 116 442 10
137 382 237 463 igitur
251 379 374 462 primus
390 378 531 463 Genuus,
550 380 606 464 qui
624 402 802 464 purpuram
815 380 944 464 imperii
959 381 1151 463 sumpserat,

134 469 219 551 apud
249 467 392 551 Myrsam
422 469 590 535 occiditur.
636 467 812 534 Postumus
839 469 874 533 in
898 467 1008 533 Gallia
1030 467 1151 532 inuasit

132 557 349 641 tyrannidem,
372 559 476 623 multo
500 557 628 642 quidem
651 557 848 639 reipublicae
872 555 1053 639 commodo,
1076 577 1150 619 uam

132 647 323 729 perdecem
347 668 448 712 annos
473 646 597 731 ingenti
620 646 742 710 uirtute
766 667 805 710 ac
827 645 1051 711 moderatione
1075 666 1149 709 usus

134 738 166 798 et
190 735 393 801 dominantes
416 736 528 800 hostes
552 734 675 817 expulit
692 737 726 799 et
743 734 887 818 perditas
909 733 1098 817 prouincias
1115 733 1148 798 in
1171 749 1181 789 ⁵

133 825 305 909 pristinam
328 824 446 889 faciem
469 823 855 908 reformauit31editione
878 827 991 888 tamen
1010 822 1150 887 militnm

83 928 113 975 11
135 914 323 979 interfectus
354 918 413 978 est.
460 911 662 978 Aemilianus
691 912 776 996 apud
805 911 1049 996 Mogontiacum
1080 932 1150 976 cum

134 1025 185 1067 res
209 1025 311 1068 nouas
335 1002 507 1068 moliretur
530 1023 704 1086 oppressus
728 1006 786 1066 est.
831 1003 1072 1084 postmortem
1095 997 1150 1065 Po·

136 1094 236 1154 stumi
263 1091 385 1155 Marius
412 1090 536 1155 ibidem
564 1090 687 1155 inuasit
713 1089 886 1174 imperium
913 1087 969 1153 sed
998 1089 1149 1154 continuo

133 1180 321 1244 interfectus
336 1183 394 1243 est.
422 1178 536 1243 deinde
551 1178 739 1244 Victorinus
759 1201 779 1242 a
796 1176 898 1242 Gallis
916 1176 1005 1242 ultro
1025 1180 1183 1241 creatus10

83 1284 114 1331 12
135 1272 167 1329 et
190 1270 267 1348 post
288 1267 456 1348 paululum
480 1266 604 1330 occisus
628 1269 686 1330 est.
723 1265 799 1331 huic
823 1264 979 1331 successit
996 1264 1151 1348 Tetricus,

135 1356 190 1437 qui
219 1358 297 1417 tunc
324 1352 538 1436 Aquitanicae
566 1354 771 1437 praesidatus
801 1353 1054 1420 administrabat
1083 1353 1151 1418 offi-

134 1444 227 1505 cium.
265 1441 386 1505 multas
410 1432 584 1507 seditiones
608 1442 750 1506 militum
773 1444 915 1526 pertulit.
960 1445 995 1506 at
1016 1464 1096 1507 uero
1118 1443 1151 1506 in

134 1530 257 1593 oriente
280 1552 339 1614 per
357 1529 541 1596 Odenatum
565 1531 728 1615 quendam
747 1531 883 1597 collecta
905 1531 1028 1616 agresti
1052 1553 1151 1596 manu

132 1619 210 1681 uicti
229 1620 414 1704 repulsique
434 1619 564 1703 Persae,
582 1620 714 1686 defensa
732 1618 837 1704 Syria,
855 1623 986 1702 recepta
1001 1618 1174 1704 Mesopo1

132 1708 233 1770 tamia
257 1713 317 1791 est,
348 1715 379 1774 et
403 1731 503 1793 usque
526 1709 567 1774 ad
590 1708 835 1794 Ctesiphontem
858 1708 1015 1774 rusticani
1038 1706 1151 1792 Syriae

82 1813 114 1860 13
134 1818 206 1859 cum
226 1794 374 1863 Odenato
394 1821 451 1863 suo
471 1799 632 1863 uincendo
650 1802 818 1863 uenerunt.
852 1796 1020 1862 Gallienus
1041 1800 1151 1863 autem

100 1904 105 1909 ·
132 1907 206 1948 cunr
229 1887 464 1968 rempublicam
488 1887 683 1952 deseruisset
702 1908 741 1951 ac
757 1885 934 1951 Mediolani
958 1885 1151 1950 libidinibus

133 1974 320 2056 inseruiret,
343 1974 467 2040 o‘ccisus
492 1978 551 2041 est.

79 2072 117 2128 23
203 2060 308 2128 lAnno
337 2063 378 2128 ab
407 2064 486 2128 urbe
514 2063 644 2129 condita
670 2081 770 2128 rrxxv
794 2061 948 2127 Claudius
976 2063 1151 2128 uicesimus
1164 2094 1184 2131 n.

134 2156 268 2215 octauus
287 2152 456 2238 uoluntate
475 2156 607 2217 senatus
626 2153 765 2236 sumpsit
782 2152 954 2234 imperium
972 2151 1176 2236 statimquea

53 2306 61 2324 ,
120 2236 269 2309 ''Gothos
308 2238 373 2305 iam
405 2263 463 2326 per
494 2263 597 2307 annos
630 2240 810 2325 quindecim
842 2239 1011 2324 Illyricum
1043 2239 1178 2309 Mace-n

135 2329 327 2414 doniamque
356 2334 524 2396 uastantes
552 2330 640 2395 bello
668 2329 801 2394 adortus
829 2328 1012 2394 incredibili
1039 2332 1151 2413 strage

135 2420 263 2485 deleuit.
310 2420 361 2485 cui
389 2444 410 2486 a
439 2425 554 2487 senatu
582 2420 703 2502 clipeus
731 2440 846 2484 aureus
876 2419 910 2483 in
937 2417 1026 2482 curia
1053 2420 1087 2481 et
1116 2418 1152 2482 in

135 2508 299 2592 Capitolio
319 2514 429 2576 statua
450 2533 550 2596 aeque
570 2531 667 2575 aurea
685 2508 815 2574 decreta
833 2512 897 2591 est3
917 2505 973 2570 sed
992 2505 1148 2571 continuo
1163 2525 1185 2564 a<

136 2599 220 2680 apud
251 2595 418 2684 Sirmium,
450 2600 638 2685 priusquam
669 2598 835 2664 biennium
863 2597 913 2661 in·
927 2594 1065 2679 imperio
1096 2616 1150 2658 ex-

134 2687 246 2766 pleret,
269 2687 385 2752 morbo
409 2692 575 2772 correptus
599 2687 730 2752 interiit.

99 2788 114 2834 2
202 2771 335 2838 Claudio
366 2780 495 2841 mortuo
520 2777 695 2852 Quintillus
723 2775 825 2839 frater
847 2777 916 2839 eius
941 2773 982 2837 ab
1006 2772 1149 2836 exercitu

134 2862 310 2941 imperator
333 2864 468 2945 electus,
491 2865 543 2927 uir
566 2864 697 2949 quidem
720 2864 837 2926 unicae
859 2860 1092 2926 moderationis
1116 2863 1150 2923 et

135 2948 221 3012 solus
251 2947 343 3011 fratri
366 2951 611 3034 praeferendus,
635 2949 774 3034 septimo
800 2949 923 3014 decimo
946 2950 999 3014 die
1021 2949 1148 3034 imperii
1163 2969 1185 3008 a·

133 3035 322 3101 interfectus
345 3041 403 3100 est.

100 3141 116 3188 3
202 3125 299 3190 Anno
319 3125 359 3191 ab
380 3125 458 3191 urbe
474 3125 603 3190 condita
617 3144 743 3190 mxxvn
757 3124 953 3192 Aurelianus
967 3124 1149 3192 uicelsimus
1164 3158 1184 3194 a.

135 3239 240 3281 nonus
268 3215 438 3300 imperium
469 3214 604 3298 adeptus
633 3215 774 3299 quinque
804 3216 898 3280 annis
922 3237 959 3281 ac
983 3239 1039 3281 sex
1062 3237 1148 3282 men-

136 3306 225 3369 sibus
257 3305 379 3389 tenuit,
413 3305 464 3368 uir
492 3302 655 3368 industria
685 3304 819 3368 militari
850 3304 1149 3369 excellentissimus.

101 3393 339 3476 4expeditione
378 3395 413 3458 in
448 3392 636 3457 Danuuium
673 3395 824 3476 suscepta
857 3391 983 3457 Gothos
1019 3393 1148 3472 magnis
1163 3412 1185 3452 s·

137 3482 272 3562 proeliis
287 3483 475 3568 profligauit
489 3481 713 3566 dicionemque
726 3481 911 3547 Romanam
925 3477 1066 3559 antiquis
1085 3482 1148 3541 ter-

137 3569 232 3631 minis
257 3573 379 3636 statuit.
419 3571 492 3636 inde
517 3571 550 3635 in
577 3571 735 3636 orientem
764 3588 938 3635 conuersus
962 3564 1149 3652 Zenobiam,
