2370 3960
84 155 149 214 214
328 152 436 203 PAVLI
455 151 577 202 OROSII
594 151 844 203 HISTORIARVM

86 299 215 361 auctore
238 298 271 358 et
293 293 453 378 principe,
480 294 631 358 heredem
659 298 692 359 et
719 295 803 358 sedis
832 297 864 358 et
887 294 1099 361 diuinationis

84 390 116 449 ot
142 383 283 448 nominis
313 383 476 447 exstitisse
505 384 613 468 ibique
638 405 710 448 eum
733 383 865 447 reddere
889 384 1031 466 elegisse
1053 406 1100 450 re-

84 494 211 555 sponsa,
234 472 289 535 ubi
313 476 385 536 orta
408 494 481 536 cum
500 475 631 536 auctore
650 473 721 555 ipsa
741 472 897 537 diuinatio
917 472 1100 558 uidebatur,

48 578 62 621 o
82 566 249 643 praeterea
273 582 367 644 quem
390 582 448 643 per
472 561 552 624 alias
572 582 698 644 quoque
717 566 876 625 terrarum
893 564 1004 644 partes
1025 585 1101 647 spu-

81 648 246 712 mantibus
270 649 379 714 buccis
402 649 578 733 rabidoque
602 649 750 713 discursu
773 650 879 713 omnis
901 650 1101 716 furiatorum
1124 667 1135 706 ⁵

80 742 188 801 ructat
211 737 345 820 insania,
368 737 408 800 ad
432 759 528 821 quem
550 737 680 819 plurimi
703 742 862 802 terrarum
885 758 980 822 reges
1006 740 1100 823 quasi

82 826 122 889 ad
154 826 264 889 uiuam
296 847 409 891 uocem
444 826 584 889 consulti
615 826 759 890 numinis
792 831 1016 912 cucurrerunt,
1050 829 1101 893 cui

83 915 271 998 saepissime
304 915 367 997 ipsi
400 935 525 996 quoque
557 913 697 979 Romani
730 915 977 998 opulentissima
1015 916 1101 982 dona

49 1020 64 1066 a
84 1005 249 1068 miserunt.
294 1006 337 1066 at·
352 1004 380 1066 si
403 1004 522 1086 Apollo
545 1003 608 1067 iste
631 1003 771 1086 Pythius
794 1003 954 1086 paulatim
981 1004 1101 1070 discer-

84 1097 180 1156 nente
209 1091 407 1174 experientia
435 1095 640 1175 contemptus
668 1091 799 1155 relictus
828 1095 924 1175 atque
954 1093 1100 1158 abolitus
1115 1110 1138 1149 1⁰

85 1185 146 1264 est,
176 1180 252 1263 quid
282 1179 393 1244 uiuum
425 1180 463 1243 de
491 1184 619 1243 mortua
646 1181 780 1261 pecude,
811 1180 887 1263 quid
916 1201 1032 1246 uerum
1061 1181 1100 1247 de

86 1273 212 1332 amente
235 1267 427 1332 muliercula
451 1268 574 1350 sperari
596 1267 728 1350 potest?
757 1268 834 1350 quid
857 1272 1040 1354 postremo,

207 1405 327 1460 'Inflauit
345 1422 408 1459 cum
425 1404 538 1474 pinguis
558 1404 627 1458 ebur
645 1404 804 1472 Tyrrhenus
823 1405 860 1459 ad
879 1423 956 1475 aras,
1116 1430 1137 1467 p.
1150 1418 1180 1458 an

81 1532 234 1615 expositis
250 1533 376 1616 opimae
396 1532 525 1615 pecudis
544 1532 718 1615 intestinis,
736 1554 802 1597 non
821 1533 924 1618 finget
943 1535 1098 1614 esuriens,

81 1623 118 1705 si,
140 1625 178 1684 ut
200 1621 263 1704 ipsi
285 1622 438 1701 fatentur,
460 1620 512 1683 uel
536 1620 674 1684 obscura
696 1622 748 1684 uel
767 1621 850 1685 falsa
869 1621 1005 1687 dicendo
1024 1622 1098 1706 ipse
1113 1640 1139 1680 15

50 1727 64 1774 7
84 1711 204 1793 Apollo
229 1709 372 1774 seducit?
404 1709 612 1793 quamobrem
637 1730 738 1791 aequo
763 1709 872 1774 animo
894 1711 1010 1789 ferant,
1035 1712 1098 1776 etsi

80 1800 204 1864 imitari
226 1798 356 1863 interim
383 1798 512 1880 nolunt,
539 1818 598 1862 nos
622 1797 655 1861 id
678 1797 827 1862 ueritatis
850 1797 970 1864 iudicio
995 1799 1096 1864 etiam

80 1890 265 1971 prohibere,
296 1887 381 1971 quod
408 1888 583 1968 potuerunt
610 1886 747 1949 maiores
777 1908 887 1950 eorum
917 1888 970 1951 uel
1001 1908 1095 1972 expe·

80 1977 192 2040 riendo
218 1982 430 2040 contemnere.

45 2081 60 2129 8
146 2065 274 2127 Interea
300 2062 384 2144 apud
407 2060 624 2144 Dyrrachium
647 2061 741 2125 multi
770 2062 906 2126 orientis
935 2083 1028 2147 reges
1053 2063 1095 2129 ad
1109 2081 1136 2120 2⁰

79 2150 269 2233 Pompeium
293 2172 365 2214 cum
385 2150 512 2213 auxiliis
532 2153 760 2214 conuenerunt.
797 2171 860 2233 quo
881 2173 954 2215 cum
974 2150 1094 2217 Caesar

78 2240 230 2319 uenisset,
254 2237 443 2321 Pompeium
466 2237 634 2302 obsidione
656 2238 778 2301 frustra
801 2238 911 2323 cinxit,
935 2240 1005 2323 ipse
1028 2243 1099 2304 ter-<

79 2350 148 2390 ram
169 2326 349 2411 quindecim
369 2350 410 2390 m.
428 2348 459 2408 p.
477 2326 568 2390 fossa
585 2329 804 2409 praestruens,
827 2349 901 2391 cum
920 2328 970 2391 illi
990 2328 1094 2394 maria

46 2420 237 2499 epaterent.
282 2415 454 2498 Pompeius
487 2416 655 2479 castellnm
684 2414 844 2498 quoddam
873 2417 1094 2500 propinquum

79 2507 174 2588 mari,
198 2505 282 2588 quod
305 2502 514 2568 Marcellinus
537 2505 704 2586 tuebatur,
727 2503 844 2567 euertit
866 2504 1092 2589 praesidiaque
1107 2521 1134 2560 2⁵

80 2592 241 2677 Caesaris,
273 2613 355 2677 quae
387 2591 506 2655 ibidem
540 2594 762 2675 morabantur,
796 2592 920 2657 occidit.
972 2590 1093 2656 Caesar

79 2681 279 2765 Torquatum
311 2680 535 2763 legionemque
568 2703 682 2763 unam,
717 2683 754 2744 ut
788 2683 1004 2764 expugnaret,
1037 2681 1093 2743 ad-

44 2786 59 2834 ο
79 2789 208 2852 gressus
233 2772 291 2832 est.
327 2768 389 2832 hoc
412 2768 554 2850 periculo
579 2770 740 2834 sociorum
764 2768 936 2851 Pompeius
959 2766 1091 2849 cognito

79 2878 191 2920 omnes
216 2879 253 2920 eo
282 2857 392 2939 copias
422 2858 596 2921 contraxit:
624 2858 659 2920 in
687 2878 781 2941 quem
811 2878 845 2920 se
872 2853 947 2918 ilico
971 2851 1093 2917 Caesar

79 2945 200 3009 omissa
228 2945 394 3009 obsidione
423 2946 594 3010 conuertit.
640 2944 824 3029 Torquatus
855 2944 962 3006 autem
993 2963 1009 3006 e
1037 2963 1090 3006 ue·
1106 2959 1134 2998 ευ

46 3054 58 3101 1
80 3033 176 3116 stigio
200 3054 412 3115 prorumpens
438 3055 587 3097 auersum
604 3034 767 3097 insecutus
787 3036 845 3096 est.
881 3030 929 3095 ita
943 3027 1093 3097 Caesaris

78 3123 198 3186 milites
227 3121 360 3204 ancipiti
388 3121 529 3202 periculo
558 3121 665 3184 territi
695 3122 767 3204 ipso
798 3118 937 3184 Caesare
971 3120 1094 3185 frustra

79 3212 257 3275 obsistente
285 3210 447 3292 fugerunt.
493 3208 666 3289 Pompeius
690 3230 767 3272 uero
793 3205 941 3273 Caesaris
966 3231 1094 3293 quoque

79 3299 266 3364 testimonio
298 3299 401 3362 uictor
432 3298 677 3379 persequentem
709 3297 876 3360 reuocauit
908 3297 1092 3373 exercitum.

80 3392 233 3470 quattuor
260 3387 349 3452 milia
376 3384 516 3448 militum
543 3380 704 3466 Caesaris,
737 3384 943 3448 centuriones
972 3382 1092 3467 uiginti
1107 3400 1134 3441 es

79 3481 112 3540 et
135 3478 207 3561 duo,
230 3477 353 3562 equites
372 3472 511 3539 Romani
535 3470 707 3554 conplures
734 3468 774 3535 lin
797 3492 835 3536 eo
858 3471 981 3554 proelio
1005 3471 1092 3535 caesi
1109 3499 1133 3538 a
1147 3490 1180 3530 aa
