2370 3960
120 162 187 227 276
365 163 473 214 PAVLI
491 161 614 213 OROSII
631 159 882 213 HISTORIARVM

122 308 248 389 Caesar,
267 309 343 391 port
358 307 466 369 autem
481 304 665 370 tricesimus
681 306 791 369 sextus
805 304 848 368 ab
863 301 1018 388 Augusto
1032 323 1133 368 rerum

122 398 245 480 potitus
274 416 361 459 anno
389 415 455 458 uno
484 398 517 458 et
539 393 704 458 mensibus
728 395 802 457 octo
824 391 956 475 imperii
982 413 1133 456 summam
1171 416 1178 423 ·

90 486 213 548 aeolus
246 482 399 548 obtinuit.
445 479 666 547 Christianam
698 480 892 566 religionem
926 484 1000 546 arte
1031 481 1134 565 potius

123 595 219 657 quam
244 575 410 655 potestate
432 571 624 653 insectatus,
650 573 688 634 ut
714 571 891 655 negaretur
915 568 995 636 fides
1019 567 1136 635 christ

124 666 157 724 et
180 661 339 725 idolorum
364 660 470 725 cultus
490 659 718 744 susciperetur,
740 658 922 723 honoribus
941 658 1050 743 magis
1068 668 1153 742 prot

89 763 105 810 3
125 772 242 814 uocare
267 771 364 835 quam
387 748 559 813 tormentis
583 767 697 832 cogere
721 747 855 811 studuit.
893 750 1010 830 aperto
1033 751 1155 812 tamen’

124 840 291 923 praecepit
308 837 422 921 edicto,
447 858 486 901 ne
506 836 578 920 quis
598 832 805 900 Christianus
825 834 1046 901 docendorum
1063 836 1155 900 liba

124 928 243 992 ratium
267 926 447 993 studiorum
470 925 635 1008 professor
659 927 753 990 esset.
790 923 846 988 sed
869 927 992 1008 amen,
1006 925 1099 990 'sicut
1118 945 1147 988 a2

125 1017 302 1081 maioribus
324 1014 447 1080 nostris
466 1017 670 1097 compertum
687 1008 865 1096 hatbemus,
888 1033 1003 1078 omnes
1023 1013 1133 1098 ubique
1144 1022 1178 1076 nt

126 1104 359 1189 propemodum
382 1102 548 1186 praecepti
571 1101 774 1168 condiciones
799 1101 979 1184 amplexati
998 1102 1135 1179 officium
1144 1115 1163 1156 1⁰

90 1207 107 1253 4
128 1216 225 1277 quam
240 1192 334 1256 fidem
350 1192 496 1256 deserere
510 1190 706 1254 maluerunt
733 1189 879 1254 Iulianus
895 1193 1006 1255 autem
1021 1191 1135 1256 bellum

127 1282 297 1345 aduersum
328 1278 467 1342 Parthos
497 1299 617 1363 parans
648 1300 721 1343 cum
751 1279 918 1344 Romanas
949 1279 1038 1345 uires
1069 1300 1136 1345 con·

125 1372 247 1432 tractas
280 1366 420 1450 undique
454 1365 495 1430 ad
527 1365 724 1431 destinatam
758 1389 867 1432 secum
896 1367 1046 1433 traheret
1074 1388 1137 1452 per·

126 1456 296 1539 ditionem,
334 1452 596 1519 Christianorum
628 1455 823 1541 sanguinem
855 1455 905 1520 dis
939 1457 1008 1521 suis
1043 1457 1138 1539 uouit,

126 1545 236 1629 palam
269 1547 495 1628 persecuturus
524 1543 689 1629 ecclesias,
723 1544 752 1608 si
778 1544 952 1609 uictoriam
980 1546 1139 1628 potuisset
1148 1555 1176 1597 16-

92 1633 272 1718 5adipisci.
317 1655 394 1698 nam
418 1638 451 1697 et
473 1633 751 1717 amphitheatrum
773 1631 1015 1717 Hierosolymis
1039 1632 1138 1699 extrui

128 1724 232 1806 iussit,
255 1724 290 1787 in
314 1745 377 1807 quo
401 1744 550 1787 reuersus
574 1744 594 1786 a
615 1721 746 1786 Parthis
770 1721 941 1806 episcopos
965 1723 1139 1789 monachos

129 1833 303 1895 omnesque
331 1812 399 1876 eius
427 1812 490 1876 loci
518 1815 649 1876 sanctos
675 1810 790 1876 bestiis
819 1811 918 1875 etiam
948 1815 1018 1876 arte
1043 1811 1140 1877 saeui·

95 1902 240 1966 ceribus
268 1900 411 1966 obiceret
439 1903 662 1983 spectaretque
690 1898 870 1964 laniandos.
915 1900 1028 1984 itaque
1057 1903 1140 1986 post

130 2013 227 2075 quam
242 2012 262 2053 a
276 1987 489 2071 Ctesiphonte
504 1991 612 2052 castra
625 1988 739 2071 mouit,
758 1987 833 2052 dolo
852 1987 1021 2053 cuiusdam
1040 1994 1173 2055 trans-⁸⁰

129 2078 227 2159 fugae
255 2079 288 2141 in
318 2076 446 2140 deserta
478 2076 667 2159 perductus,
697 2097 770 2140 cum
800 2076 835 2140 ui
865 2076 937 2141 sitis
968 2081 1002 2140 et
1032 2079 1144 2145 ardore

130 2166 211 2228 solis
232 2169 328 2249 atque
347 2164 479 2246 insuper
497 2164 609 2228 labore
627 2163 825 2229 harenarum
844 2165 1013 2230 confectus
1027 2167 1145 2250 periret

130 2253 299 2336 exercitus,
321 2253 501 2336 imperator
519 2254 611 2317 tanto
630 2274 738 2317 rerum
761 2253 907 2336 periculo
931 2255 1047 2320 anxius
1071 2257 1146 2321 dum

130 2364 187 2426 per
205 2345 301 2406 uasta
320 2340 440 2406 deserti
458 2341 619 2406 incautius
638 2345 804 2427 euagatur,
828 2342 870 2406 ab
889 2342 986 2408 obuio
1007 2344 1146 2428 quodam

134 2432 279 2497 hostium
313 2432 421 2518 equite
454 2433 549 2496 conto
582 2431 665 2497 ictus
697 2431 832 2496 interiit
885 2431 930 2496 sic
962 2432 1178 2500 misericoraes

132 2520 221 2586 Deus
244 2522 346 2607 impia
368 2522 504 2587 consilia
526 2520 619 2606 impii
641 2523 745 2586 morte
768 2520 928 2602 dissoluit.

79 2616 116 2671 al
203 2608 306 2676 *Anno
330 2612 371 2676 ab
394 2612 474 2676 urbe
498 2611 629 2677 condita
646 2626 772 2675 ucxvn
789 2607 944 2674 Iouianus
962 2609 1145 2676 tricesimus
1158 2635 1177 2676 r·

135 2700 294 2781 septimus
322 2701 503 2783 imperator
529 2700 564 2763 in
592 2721 718 2764 summo
745 2720 854 2763 rerum
886 2698 1072 2764 discrimine
1106 2700 1147 2764 ab

133 2787 277 2850 exercitu
304 2792 431 2851 oreatus
460 2810 533 2853 cum
561 2790 594 2851 et
615 2788 760 2853 locorum
783 2787 953 2871 iniquitate
977 2790 1092 2872 captus
1116 2791 1148 2852 et

132 2873 282 2936 hostibus
315 2875 569 2958 circumsaeptus
605 2875 729 2939 nullam
765 2874 923 2940 euadendi
940 2870 941 2874 ’
959 2876 1178 2942 faculatems

132 2961 383 3044 nancisceretur,
405 2961 519 3026 foedus
543 2984 615 3026 cum
635 2960 757 3045 Sapore
779 2961 953 3029 Persarum
976 2985 1063 3050 rege,
1087 2966 1147 3030 etsi

133 3071 248 3134 parum
276 3052 313 3112 ut
339 3051 457 3132 putant
489 3050 637 3134 dignum,
669 3050 751 3114 satis
783 3053 895 3117 tamen
926 3055 1148 3120 necessarium

101 3139 272 3225 apepigit:
305 3137 437 3223 quippe,
468 3140 507 3201 ut
537 3141 644 3202 tutum
677 3142 709 3202 et
741 3138 936 3206 incolumem
963 3141 1148 3208 Romanum

136 3230 311 3294 exercitum
329 3249 397 3293 non
416 3227 520 3291 solum
540 3226 581 3290 ab
599 3226 731 3292 incursu
749 3227 895 3296 hostium
912 3253 1026 3297 uerum
1049 3234 1148 3303 etiam

138 3342 157 3383 a
171 3319 317 3384 locorum
331 3317 473 3402 periculo
489 3315 651 3398 liberaret,
669 3314 779 3382 Nisibi
797 3320 952 3403 oppidum
971 3323 1004 3383 et
1019 3324 1149 3400 partem
1162 3337 1178 3378 ³1

101 3418 116 3465 3
138 3408 313 3491 superioris
341 3404 595 3490 Mesopotamiae
618 3403 727 3470 Persis
755 3408 923 3472 concessit
967 3405 1042 3468 inde
1070 3407 1148 3474 dum

138 3495 178 3556 ad
203 3495 368 3579 Illyricum
391 3496 515 3560 rediens
543 3515 601 3578 per
623 3491 786 3560 Galatiam
813 3496 876 3560 iter
903 3492 984 3577 agit,
1012 3511 1085 3556 cum
1115 3499 1148 3562 in
