2370 3960
82 176 148 240 234
329 175 437 226 PAVLI
456 167 580 226 ouo‘sn
597 173 850 225 HISTORIARVM

82 323 210 404 potens,
234 317 348 383 deinde
372 318 572 403 subsequens
593 337 672 401 osse,
695 317 778 381 iuste
799 337 926 399 semper
944 315 1094 380 adhibere

83 408 229 492 quamuis
257 407 424 492 ignoranti
451 406 734 490 gubernationem,
761 405 813 469 cui
841 404 1014 488 aliquando
1043 404 1095 488 pie

83 497 293 560 restituturus
313 495 356 560 sit
380 495 562 579 paenitenti
581 495 733 578 antiquae
753 493 879 579 gratiae
898 492 1096 558 facultatem.

47 584 138 649 used
161 584 242 649 haec
265 583 428 669 quoniam,
452 583 514 648 etsi
536 583 704 647 uerissime
728 582 967 665 fortissimeque
990 581 1097 647 dicun·

83 677 144 756 tur,
168 674 297 737 fidelem
307 676 425 757 ¹tamen
445 676 542 756 atque
562 669 794 736 loboedientem
811 671 993 755 requirunt,
1016 670 1097 734 mihi
1114 683 1174 734 aar

84 765 203 846 autem,
227 762 338 827 uidero
358 785 400 826 an
419 760 592 845 aliquando
611 759 789 842 credituris,
813 762 899 824 certe
918 780 1005 823 nunc
1025 781 1097 824 cum
1122 775 1133 813 ⁶

83 851 256 916 incredulis
280 850 364 916 actio
389 854 446 931 est,
469 848 653 934 promptius
677 870 715 913 ea
737 847 911 932 proferam,
934 869 1016 932 quae
1035 848 1098 931 ipsi

49 955 65 1002 c
85 941 146 1004 etsi
170 941 307 1024 probare
329 939 501 1021 noluerint,
523 938 695 1022 inprobare
717 958 785 1001 non
807 937 944 1020 possint.
981 937 1099 1021 itaque,

86 1033 242 1113 quantum
270 1028 311 1093 ad
339 1026 570 1093 conscientiam
598 1027 813 1091 humanarum
840 1025 1001 1091 mentium
1028 1046 1098 1110 per·

85 1121 181 1201 tinet,
205 1117 333 1200 utrique
358 1117 417 1181 sub
441 1117 624 1180 reuerentia
646 1114 813 1197 religionis
838 1113 1136 1178 etconfessione1⁰

86 1207 237 1290 cultuque
269 1226 425 1288 supernae
455 1203 623 1287 potentiae
653 1203 809 1286 uiuimus,
839 1202 979 1267 distante
1009 1203 1098 1266 dum·

85 1297 176 1356 taxat
205 1293 280 1375 fide;
311 1290 386 1375 quia
414 1294 562 1355 nostrum
593 1294 658 1369 est,
687 1290 784 1354 fateri
813 1311 854 1354 ex
883 1312 947 1355 uno
979 1294 1012 1355 et
1041 1312 1099 1374 per

86 1402 184 1444 unum
204 1381 309 1443 Deum
328 1383 475 1443 constare
495 1378 613 1462 omnia,
635 1378 775 1461 illorum,
793 1383 862 1443 tam
881 1379 1002 1444 multos
1020 1379 1099 1445 deos

52 1472 199 1552 sputare
224 1489 320 1551 quam
344 1467 449 1531 multa
472 1470 556 1531 sunt.
602 1466 629 1532 si
653 1467 816 1551 potentiae
840 1465 914 1550 Dei,
937 1467 1100 1552 inquiunt,

86 1578 181 1640 quem
211 1555 419 1640 praedicatis,
449 1555 524 1639 fuit,
554 1558 591 1620 ut
618 1555 800 1622 Romanum
827 1556 1001 1639 imperium
1029 1560 1138 1621 tam15

86 1646 231 1728 amplum
259 1667 296 1709 ac
323 1648 390 1710 tam
420 1645 558 1709 sublime
585 1645 691 1731 fieret,
723 1667 780 1710 cur
810 1644 911 1728 igitur
937 1645 1100 1729 patientia

87 1734 229 1798 eiusdem
253 1731 366 1816 obfuit,
389 1737 426 1799 ut
449 1737 524 1798 ante
543 1756 610 1799 non
626 1734 740 1799 fieret?
769 1735 885 1817 quibus
905 1734 965 1799 sub
985 1734 1099 1800 eodem

85 1823 184 1886 uerbo
209 1823 470 1905 respondebitur:
495 1823 522 1887 si
545 1824 709 1907 potentiae
733 1823 879 1907 deorum,
902 1845 983 1908 quos
1006 1844 1100 1906 prae·

86 1911 213 1992 dicatis,
242 1910 318 1995 fuit,
344 1917 381 1975 ut
402 1910 587 1976 Romanum
610 1912 782 1994 imperium
806 1915 872 1976 tam
895 1913 1037 1990 amplum
1061 1934 1099 1977 ac

86 2002 155 2063 tam
179 1999 316 2063 sublime
339 2000 439 2081 fieret,
463 2021 519 2063 cur
541 2000 641 2084 igitur
664 2000 822 2082 patientia
845 2001 1019 2065 eorundem
1043 2000 1099 2065 ob·
1113 2010 1142 2056 20'

50 2089 161 2171 afuit,
189 2092 224 2151 ut
253 2092 327 2153 ante
351 2109 418 2151 non
447 2086 560 2151 fieret?
595 2108 637 2150 an
660 2087 724 2170 ipsi
748 2087 793 2150 dii
816 2089 959 2152 nondum
984 2087 1099 2153 erant?

87 2198 129 2240 an
149 2176 252 2242 adhuc
266 2177 371 2242 Roma
389 2176 462 2259 ipsa
482 2196 548 2239 non
568 2173 659 2239 erat?
688 2197 729 2238 an
745 2175 875 2240 illinon
890 2175 1099 2241 colebantur?
1168 2202 1171 2207 ·

85 2287 128 2328 an
146 2265 226 2329 hacc
245 2264 382 2330 necdum
400 2264 518 2328 idonea
535 2263 672 2346 imperio
693 2263 885 2328 uidebatur?
909 2265 938 2328 si
956 2265 1100 2329 nondum

87 2358 181 2419 erant
203 2355 261 2438 dii,
283 2356 390 2419 cessat
412 2352 563 2436 intenti03
585 2351 716 2435 inquid
735 2351 820 2416 enim
839 2354 905 2417 iam
923 2353 969 2417 ibi
988 2375 1099 2418 eorum

87 2443 224 2509 discutio
254 2463 391 2524 moram,
418 2440 475 2504 ubi
502 2462 544 2504 ne
571 2440 677 2523 ipsam
700 2441 829 2525 quidem
852 2441 984 2506 inuenio
1007 2445 1100 2506 natu·
1115 2457 1140 2498 25

87 2533 179 2595 ram?
210 2533 237 2595 si
260 2533 367 2595 autem
391 2532 486 2594 erant
507 2529 561 2613 dii,
585 2532 642 2593 aut
663 2531 810 2613 potentia
833 2552 955 2614 eorum,
978 2533 1014 2594 ut
1036 2530 1100 2613 ipsi

87 2620 243 2702 iudicant,
272 2622 328 2682 aut
350 2618 508 2702 patientia
530 2618 565 2682 in
588 2618 682 2702 culpa
706 2621 768 2682 est:
797 2620 847 2683 uel
871 2618 1042 2702 patientia,
1071 2619 1100 2683 si

53 2723 68 2770 9
89 2709 164 2791 fuit,
193 2709 246 2772 uel
269 2707 429 2791 potentia,
457 2707 485 2770 si
508 2706 619 2772 defuit.
667 2710 735 2790 aut,
759 2709 787 2772 si
810 2707 915 2791 magis
940 2705 1099 2770 suadibile

87 2797 215 2859 uidetur
232 2795 333 2860 fuisse
351 2799 430 2859 tunc
449 2795 577 2879 quidem
597 2795 689 2882 deos,
707 2795 762 2879 qui
780 2794 958 2878 prouehere
975 2793 1099 2875 potuis-

87 2888 167 2966 sent,
187 2884 242 2947 sed
261 2884 405 2948 nondum
424 2883 586 2948 exstitisse
606 2884 779 2965 Romanos,
802 2883 856 2966 qui
875 2880 1010 2966 prouehi
1029 2879 1099 2946 iure
1113 2900 1140 2939 30

86 2974 229 3055 possent,
252 2993 312 3036 nos
336 2975 500 3037 auctorem
518 2994 626 3036 rerum
644 2971 832 3056 potentiam,
854 2991 921 3035 nou
940 2969 1099 3035 artificem

88 3060 255 3125 scientiam
271 3060 463 3144 quaerimus.
492 3060 530 3124 de
546 3060 606 3125 diis
622 3061 750 3145 quippe,
764 3064 801 3125 ut
815 3063 943 3147 putant,
963 3059 1100 3147 magnis,

87 3172 155 3214 non
177 3149 216 3213 de
238 3148 340 3213 fabris
364 3149 530 3213 uilissimis
555 3150 701 3233 quaestio
726 3153 785 3230 est,
809 3151 936 3234 quibus.
950 3151 1015 3215 nisi
1033 3172 1099 3214 ma-

37 3252 70 3300 10
89 3239 173 3304 teria
201 3237 344 3320 accedat,
372 3259 423 3301 ars
452 3240 565 3301 cessat.
612 3239 640 3301 si
664 3239 750 3303 enirn
773 3241 950 3324 praescisse
973 3239 1039 3303 illis
1063 3259 1100 3302 ac
1127 3320 1129 3324 Ι

87 3328 228 3393 uoluisse
251 3329 380 3411 praesto
406 3347 531 3408 semper
553 3323 629 3406 fuit,
656 3327 756 3393 immo
781 3325 889 3393 letiam
913 3325 1099 3391 subiacente
1112 3353 1135 3388 n.
1149 3345 1176 3386 rs

87 3416 316 3500 praescientia,
350 3413 426 3499 quia
456 3413 541 3496 apud
574 3414 844 3498 omnipotentiam
876 3415 915 3479 de
946 3410 1098 3494 operibus
1113 3431 1139 3472 ao

87 3504 255 3570 dumtaxat
277 3504 344 3571 suis
366 3504 428 3569 hoc
451 3507 502 3567 est
523 3503 683 3586 praescire
702 3503 788 3587 quod
805 3503 902 3567 uelle:
925 3497 1099 3584 quodcum-
