2400 3938
140 199 194 254 XII
549 199 751 251 PRAEFATIO

143 368 234 426 quam
252 347 391 409 Orosium
409 349 553 424 Epitoma
572 347 700 406 Liuiana
723 346 880 422 deperdita
898 364 986 404 usum
1010 363 1084 404 esse.
1120 346 1164 407 At

143 437 266 498 Orosius
289 439 368 497 huno
390 437 546 498 flosculum
569 456 605 496 ex
624 436 770 512 Eutropio
794 435 863 494 116
889 426 994 516 (quem
1016 433 1055 492 ad
1077 453 1163 509 prae·

144 527 281 587 cedentia
304 527 342 586 ab
366 545 400 585 eo
420 526 591 586 adhibitum
610 543 675 585 esse
694 521 827 604 constat)
847 523 1028 599 excerpsisse
1047 526 1162 603 potest,

142 634 213 675 nam
236 615 318 691 apud
340 635 410 675 eum
429 608 550 675 ‘coruus
569 607 637 673 alis'
657 614 777 673 exhibet
795 615 875 672 oerte
894 612 1010 671 familia
1029 612 1164 672 codicum

143 705 248 781 altera,
263 723 391 781 quaeum
405 703 572 764 consentire
583 703 660 762 solet
669 701 809 778 Eutropii
822 702 973 777 exemplar
983 698 1163 760 Orosianum

143 784 228 874 (uide
247 812 323 869 quae
342 792 403 852 dixi
422 793 467 852 ed.
484 795 501 852 1
518 812 546 867 p.
560 784 684 869 xxvi),
709 809 777 850 oum
795 790 828 851 in
845 791 931 851 unioo
951 789 1059 865 prioris
1077 790 1164 850 fami-

145 882 204 941 liae
227 884 306 941 teste
330 873 443 962 (codiee
469 871 621 961 Gothano)
646 873 776 940 ‘coruus’
801 880 946 940 omissum
970 878 1011 938 sit
1034 897 1052 937 a
1074 899 1113 938 m.
1135 883 1163 940 1.

144 969 235 1046 Apud
253 969 378 1030 Florum
396 973 499 1029 autem
517 969 597 1045 quod
618 969 765 1028 traditum
784 972 832 1028 est
849 962 946 1029 ‘saera
965 960 1048 1026 alite’
1066 986 1164 1045 neque

143 1078 199 1135 per
228 1077 260 1118 se
288 1059 530 1134 interpolationis
558 1058 688 1135 speeiem
719 1076 816 1133 neque
844 1058 963 1117 omnino
992 1056 1163 1117 offensionis

141 1147 303 1224 quiequam
320 1148 455 1223 praebet,
479 1166 547 1207 oum
566 1147 671 1205 statim
690 1147 846 1223 sequatur:
871 1139 913 1205 ‘et
931 1144 1000 1204 inde
1020 1139 1162 1206 Coruini'

210 1234 257 1293 III
278 1238 318 1294 12
344 1233 364 1310 ξ
385 1238 424 1295 11
450 1235 547 1294 ueluti
569 1254 585 1294 e
609 1231 744 1311 specula]
772 1234 882 1294 Iustini
911 1235 1026 1294 eodioes
1056 1233 1163 1312 optimi

141 1342 202 1383 non
214 1316 348 1400 ‘usluto'
364 1323 417 1383 sed
431 1316 539 1383 ‘uelut'
554 1325 609 1383 aut
622 1315 742 1382 ‘ueluti'
758 1323 906 1402 exhibent,
926 1323 1004 1383 siout
1017 1322 1163 1384 Ruehlius

144 1412 255 1472 docuit.
291 1412 399 1488 Itaque
418 1412 547 1472 fortasse
570 1411 586 1470 Ι
609 1431 645 1471 ex
667 1412 692 1470 Ε
716 1414 820 1471 natum
845 1415 892 1472 est
914 1412 1164 1488 seribendumque

141 1502 222 1560 uelut
241 1518 255 1559 e
272 1502 399 1574 specula.
437 1500 560 1561 Orosius
579 1500 595 1558 I
615 1503 632 1561 1
654 1497 674 1575 ἓ
696 1502 750 1559 16:
775 1493 802 1559 ‘e
822 1495 963 1576 specula',
986 1500 1002 1559 I
1019 1520 1063 1577 pr.
1083 1498 1103 1575 ξ)
1121 1505 1160 1560 11

141 1592 173 1648 61
196 1588 243 1648 ΙΙΙ
268 1591 309 1648 23
334 1587 407 1664 §Q
432 1582 481 1649 ‘de
505 1583 638 1665 speoula'
663 1588 745 1647 dixit.

207 1677 315 1738 11113
340 1675 397 1752 §9
424 1674 503 1753 sese]
532 1678 576 1738 sie
602 1695 680 1736 nuno
709 1677 829 1756 seripsi,
860 1697 927 1738 eum
950 1672 1006 1738 ‘se'
1030 1679 1162 1739 Lauren·
1193 1724 1195 1731 ,

140 1768 242 1827 tianus
266 1767 406 1826 exhibeat
430 1767 520 1826 solus.
541 1795 556 1804 ·

160 1944 180 2003 d
208 1855 315 2002 IIIP15
340 1852 360 1932 ξ
382 1858 400 1914 7
423 1855 455 1914 in
478 1859 626 1931 apparatu
645 1855 748 1915 oritioo
772 1855 810 1914 ad
830 1875 858 1914 u.
881 1857 898 1913 7
922 1857 991 1929 post
1015 1824 1162 1923 oaudhnas

142 1963 159 2004 a
181 1946 231 2004 de:
280 1986 288 2002 .

94 2038 98 2041 '
207 2031 255 2090 III
276 2034 316 2091 16
342 2028 401 2105 §5
433 2031 489 2090 sub
517 2049 577 2090 una
604 2028 667 2107 die]
699 2024 783 2090 ‘uno'
815 2050 883 2091 eum
915 2032 997 2092 solus
1030 2033 1163 2092 testetur

86 2181 89 2186 ,
140 2119 372 2197 Laurentianus,
390 2137 469 2178 nuno
482 2119 615 2196 praetuli
630 2120 814 2196 reliquorum
829 2120 965 2180 eodioum
979 2120 1163 2197 optimorum

142 2208 365 2269 auctoritatem.
400 2207 493 2268 Reete
517 2208 705 2268 Goldbaoher
727 2229 757 2284 p.
777 2211 850 2269 107.
965 2236 968 2242 ·

208 2296 256 2356 ΠΙ
272 2299 311 2356 18
333 2294 353 2372 ὅ
369 2297 387 2355 5
403 2294 541 2373 Mandos]
561 2297 652 2372 Apud
666 2297 817 2356 Iustinum
829 2297 888 2356 ΧΠ
903 2301 921 2357 3
942 2297 962 2374 ξ)
977 2299 998 2357 4
1013 2291 1158 2358 ‘Mardos'

143 2387 257 2463 legitur
276 2378 318 2464 (u.
332 2377 509 2467 Ruehlium)
528 2387 559 2444 et
576 2388 679 2461 potest
702 2385 823 2462 quidem
844 2386 919 2465 fieri,
942 2389 978 2446 ut
995 2405 1016 2446 a
1034 2387 1066 2446 in
1084 2387 1162 2446 eodi-

145 2475 230 2535 oibus
254 2473 408 2534 Orosianis
431 2492 468 2533 ex
490 2491 507 2532 r
529 2476 602 2532 nata
625 2475 676 2550 sit;
705 2475 757 2533 sed
779 2478 916 2550 praestat
938 2476 970 2534 in
992 2495 1025 2535 re
1048 2476 1162 2536 ineerta

142 2565 187 2623 nil
206 2565 334 2624 mutare.
367 2563 522 2630 Mandros,
542 2562 817 2640 quod‘interpolati
835 2564 958 2642 quidam
976 2565 1094 2625 codices
1112 2583 1162 2623 ex-

143 2653 261 2728 hibent,
284 2651 446 2729 repetitum
470 2670 505 2709 ex
528 2650 577 2709 HI
601 2653 641 2711 19
666 2648 686 2726 ὅ
707 2655 725 2712 6
750 2672 816 2712 esse
838 2656 922 2728 puto.

210 2739 258 2798 III
283 2742 322 2799 18
344 2737 400 2814 §7
423 2736 605 2817 Euergetas]
635 2739 758 2799 Codioes
781 2739 891 2799 Iustini
920 2733 1095 2817 ‘euergitas'
1119 2743 1163 2799 te-

141 2831 242 2889 stante
259 2826 387 2887 Ruehlio
403 2826 552 2888 exhibent.
576 2826 660 2887 Idem
673 2828 800 2902 praebet
814 2826 913 2887 Orosii
932 2827 1025 2887 codex
1043 2821 1162 2888 Donau-

142 2915 359 2993 esehingensis,
386 2915 439 2974 sed
462 2915 602 2994 fortuito,
631 2918 667 2975 ut
689 2915 807 2994 opinor,
835 2935 995 2991 consensu,
1024 2935 1095 2976 nam
1118 2918 1163 2976 in-

141 3004 274 3065 numeris
297 3004 370 3063 10016
390 3002 490 3063 Oodex
512 3004 540 3061 D
563 3005 575 3062 i
597 3023 652 3080 pro
676 3024 692 3064 e
715 3005 808 3066 habet
833 3010 864 3065 61
886 3006 916 3065 1.
934 3006 953 3065 1.
977 3006 1162 3083 reliquorum

141 3095 276 3154 eodioum
298 3092 357 3151 fide
380 3091 565 3152 destituitur.

208 3183 317 3300 111220
342 3177 362 3254 ξ
380 3184 417 3239 11
442 3180 475 3239 in
498 3199 566 3257 app.
587 3181 652 3267 orit.
672 3183 802 3258 corrige:
825 3181 911 3262 tuno]
935 3184 1017 3244 PRD
1037 3176 1162 3246 oumL1

141 3276 207 3332 tum
230 3271 277 3330 L.

210 3360 263 3442 ΠΙΙ
278 3359 319 3417 22
345 3354 365 3432 ἕ
387 3359 428 3415 14
453 3354 558 3433 etiam]
583 3358 684 3419 omisit
707 3360 797 3420 Laur.
823 3363 914 3437 solus,
936 3379 1029 3438 quare
1053 3360 1160 3435 reeepi.

208 3450 254 3509 III
275 3449 317 3506 23
342 3445 362 3520 ξ
385 3447 402 3504 7
432 3445 469 3503 de
497 3445 602 3506 formis
629 3446 822 3508 Ptolomaeus
846 3453 877 3510 et
899 3450 1090 3508 Ptolemaeus
1119 3449 1161 3508 di·

141 3538 268 3599 cendum
291 3537 338 3594 est
360 3534 442 3594 iusto
466 3537 689 3614 commentario,
713 3537 765 3613 qui
787 3556 846 3597 non
871 3541 918 3597 est
940 3538 1030 3598 huius
1053 3537 1119 3597 looi.
