<?xml version="1.0" encoding="UTF-8"?>
<!DOCTYPE html PUBLIC "-//W3C//DTD XHTML 1.0 Transitional//EN"
    "http://www.w3.org/TR/xhtml1/DTD/xhtml1-transitional.dtd">
<html xmlns="http://www.w3.org/1999/xhtml" xml:lang="en" lang="en">
 <head>
  <title>
</title>
<meta http-equiv="Content-Type" content="text/html;charset=utf-8" />
  <meta name='ocr-system' content='tesseract 3.04.00' />
  <meta name='ocr-capabilities' content='ocr_page ocr_carea ocr_par ocr_line ocrx_word'/>
</head>
<body>
  <div class='ocr_page' id='page_1' title='image "./pavliorosiihist00orosgoog_0230.png"; bbox 0 0 2370 3960; ppageno 0'>
   <div class='ocr_carea' id='block_1_1' title="bbox 320 200 1075 264">
    <p class='ocr_par' dir='ltr' id='par_1_1' title="bbox 320 200 1075 264">
     <span class='ocr_line' id='line_1_1' title="bbox 320 200 1075 264; baseline 0.016 -12"><span class='ocrx_word' id='word_1_1' title='bbox 320 203 516 254; x_wconf 75' lang='lat' dir='ltr'>novansvn</span> <span class='ocrx_word' id='word_1_2' title='bbox 532 202 697 254; x_wconf 68' lang='lat' dir='ltr'>Pisanos</span> <span class='ocrx_word' id='word_1_3' title='bbox 715 203 755 253; x_wconf 84' lang='lat' dir='ltr'>vr</span> <span class='ocrx_word' id='word_1_4' title='bbox 775 205 815 256; x_wconf 81' lang='lat' dir='ltr'>re.</span> <span class='ocrx_word' id='word_1_5' title='bbox 1010 200 1075 264; x_wconf 80' lang='grc'>215</span> 
     </span>
    </p>
   </div>
   <div class='ocr_carea' id='block_1_2' title="bbox 10 343 1129 3614">
    <p class='ocr_par' dir='ltr' id='par_1_2' title="bbox 10 343 1129 3614">
     <span class='ocr_line' id='line_1_2' title="bbox 62 343 1129 429; baseline -0.005 -19"><span class='ocrx_word' id='word_1_6' title='bbox 62 349 147 410; x_wconf 88' lang='lat' dir='ltr'>sunt.</span> <span class='ocrx_word' id='word_1_7' title='bbox 186 343 305 410; x_wconf 78' lang='lat' dir='ltr'>Caesar</span> <span class='ocrx_word' id='word_1_8' title='bbox 327 344 402 408; x_wconf 89' lang='lat' dir='ltr'>inde</span> <span class='ocrx_word' id='word_1_9' title='bbox 425 346 525 408; x_wconf 88' lang='lat' dir='ltr'>citato</span> <span class='ocrx_word' id='word_1_10' title='bbox 546 344 675 429; x_wconf 83' lang='lat' dir='ltr'>agmine</span> <span class='ocrx_word' id='word_1_11' title='bbox 693 366 751 427; x_wconf 91' lang='lat' dir='ltr'>per</span> <span class='ocrx_word' id='word_1_12' title='bbox 768 343 906 428; x_wconf 80' lang='lat' dir='ltr'>Epirum</span> <span class='ocrx_word' id='word_1_13' title='bbox 924 345 958 409; x_wconf 91' lang='lat' dir='ltr'>in</span> <span class='ocrx_word' id='word_1_14' title='bbox 977 345 1075 409; x_wconf 84' lang='lat' dir='ltr'>Thes·</span> <span class='ocrx_word' id='word_1_15' title='bbox 1095 358 1129 407; x_wconf 78' lang='lat' dir='ltr'>aa</span> 
     </span>
     <span class='ocr_line' id='line_1_3' title="bbox 62 433 1076 517; baseline 0 -19"><span class='ocrx_word' id='word_1_16' title='bbox 62 435 178 499; x_wconf 91' lang='lat' dir='ltr'>saliam</span> <span class='ocrx_word' id='word_1_17' title='bbox 196 434 351 517; x_wconf 80' lang='lat' dir='ltr'>perrexit3</span> <span class='ocrx_word' id='word_1_18' title='bbox 374 433 546 516; x_wconf 90' lang='lat' dir='ltr'>Pompeius</span> <span class='ocrx_word' id='word_1_19' title='bbox 565 455 638 496; x_wconf 89' lang='lat' dir='ltr'>cum</span> <span class='ocrx_word' id='word_1_20' title='bbox 658 433 805 497; x_wconf 90' lang='lat' dir='ltr'>maximis</span> <span class='ocrx_word' id='word_1_21' title='bbox 825 433 927 515; x_wconf 90' lang='lat' dir='ltr'>copiis</span> <span class='ocrx_word' id='word_1_22' title='bbox 947 437 1076 498; x_wconf 90' lang='lat' dir='ltr'>secutus</span> 
     </span>
     <span class='ocr_line' id='line_1_4' title="bbox 61 522 1129 606; baseline -0.003 -19"><span class='ocrx_word' id='word_1_23' title='bbox 61 524 248 606; x_wconf 85' lang='lat' dir='ltr'>bellumque</span> <span class='ocrx_word' id='word_1_24' title='bbox 271 523 478 587; x_wconf 88' lang='lat' dir='ltr'>commissum</span> <span class='ocrx_word' id='word_1_25' title='bbox 501 524 558 586; x_wconf 87' lang='lat' dir='ltr'>est</span> <span class='ocrx_word' id='word_1_26' title='bbox 595 522 706 604; x_wconf 89' lang='lat' dir='ltr'>itaque</span> <span class='ocrx_word' id='word_1_27' title='bbox 725 522 897 585; x_wconf 88' lang='lat' dir='ltr'>instruitur</span> <span class='ocrx_word' id='word_1_28' title='bbox 914 523 1076 605; x_wconf 81' lang='lat' dir='ltr'>utrimque</span> <span class='ocrx_word' id='word_1_29' title='bbox 1095 537 1129 584; x_wconf 78' lang='lat'>23</span> 
     </span>
     <span class='ocr_line' id='line_1_5' title="bbox 61 609 1078 694; baseline 0 -20"><span class='ocrx_word' id='word_1_30' title='bbox 61 612 158 676; x_wconf 86' lang='lat' dir='ltr'>acies.</span> <span class='ocrx_word' id='word_1_31' title='bbox 203 610 378 694; x_wconf 89' lang='lat' dir='ltr'>Pompeius</span> <span class='ocrx_word' id='word_1_32' title='bbox 409 610 576 694; x_wconf 90' lang='lat' dir='ltr'>octoginta</span> <span class='ocrx_word' id='word_1_33' title='bbox 607 614 639 674; x_wconf 91' lang='lat' dir='ltr'>et</span> <span class='ocrx_word' id='word_1_34' title='bbox 669 613 741 675; x_wconf 93' lang='lat' dir='ltr'>octo</span> <span class='ocrx_word' id='word_1_35' title='bbox 773 609 923 674; x_wconf 75' lang='lat' dir='ltr'>cohortes</span> <span class='ocrx_word' id='word_1_36' title='bbox 953 609 1078 694; x_wconf 86' lang='lat' dir='ltr'>triplici</span> 
     </span>
     <span class='ocr_line' id='line_1_6' title="bbox 34 697 1076 788; baseline 0 -25"><span class='ocrx_word' id='word_1_37' title='bbox 34 700 175 763; x_wconf 67' lang='lat' dir='ltr'>sordine</span> <span class='ocrx_word' id='word_1_38' title='bbox 207 700 341 764; x_wconf 90' lang='lat' dir='ltr'>locauit:</span> <span class='ocrx_word' id='word_1_39' title='bbox 379 699 510 762; x_wconf 86' lang='lat' dir='ltr'>fuerunt</span> <span class='ocrx_word' id='word_1_40' title='bbox 542 701 650 788; x_wconf 84' lang='lat' dir='ltr'>autem</span> <span class='ocrx_word' id='word_1_41' title='bbox 682 697 827 782; x_wconf 89' lang='lat' dir='ltr'>peditum</span> <span class='ocrx_word' id='word_1_42' title='bbox 860 699 1076 782; x_wconf 86' lang='lat' dir='ltr'>quadraginta</span> 
     </span>
     <span class='ocr_line' id='line_1_7' title="bbox 61 787 1075 871; baseline 0.002 -20"><span class='ocrx_word' id='word_1_43' title='bbox 61 788 167 870; x_wconf 85' lang='lat' dir='ltr'>milia,</span> <span class='ocrx_word' id='word_1_44' title='bbox 200 789 321 871; x_wconf 90' lang='lat' dir='ltr'>equites</span> <span class='ocrx_word' id='word_1_45' title='bbox 354 787 389 850; x_wconf 92' lang='lat' dir='ltr'>in</span> <span class='ocrx_word' id='word_1_46' title='bbox 421 787 552 850; x_wconf 89' lang='lat' dir='ltr'>sinistro</span> <span class='ocrx_word' id='word_1_47' title='bbox 585 809 685 851; x_wconf 90' lang='lat' dir='ltr'>cornu</span> <span class='ocrx_word' id='word_1_48' title='bbox 716 788 867 864; x_wconf 73' lang='lat' dir='ltr'>sescenti,</span> <span class='ocrx_word' id='word_1_49' title='bbox 900 787 934 850; x_wconf 92' lang='lat' dir='ltr'>in</span> <span class='ocrx_word' id='word_1_50' title='bbox 962 788 1075 853; x_wconf 86' lang='lat' dir='ltr'>dextro</span> 
     </span>
     <span class='ocr_line' id='line_1_8' title="bbox 62 876 1075 960; baseline 0 -21"><span class='ocrx_word' id='word_1_51' title='bbox 62 877 242 960; x_wconf 83' lang='lat' dir='ltr'>quingenti,</span> <span class='ocrx_word' id='word_1_52' title='bbox 266 880 433 959; x_wconf 89' lang='lat' dir='ltr'>praeterea</span> <span class='ocrx_word' id='word_1_53' title='bbox 455 895 548 958; x_wconf 88' lang='lat' dir='ltr'>reges</span> <span class='ocrx_word' id='word_1_54' title='bbox 572 876 675 959; x_wconf 90' lang='lat' dir='ltr'>multi,</span> <span class='ocrx_word' id='word_1_55' title='bbox 699 878 864 940; x_wconf 81' lang='lat' dir='ltr'>senatores</span> <span class='ocrx_word' id='word_1_56' title='bbox 888 876 1075 959; x_wconf 89' lang='lat' dir='ltr'>equitesque</span> 
     </span>
     <span class='ocr_line' id='line_1_9' title="bbox 60 964 1075 1047; baseline 0 -19"><span class='ocrx_word' id='word_1_57' title='bbox 60 964 203 1028; x_wconf 86' lang='lat' dir='ltr'>Romani</span> <span class='ocrx_word' id='word_1_58' title='bbox 231 964 376 1047; x_wconf 80' lang='lat' dir='ltr'>plurimi,</span> <span class='ocrx_word' id='word_1_59' title='bbox 404 964 526 1046; x_wconf 85' lang='lat' dir='ltr'>absquo</span> <span class='ocrx_word' id='word_1_60' title='bbox 549 964 671 1027; x_wconf 92' lang='lat' dir='ltr'>leuium</span> <span class='ocrx_word' id='word_1_61' title='bbox 694 967 931 1028; x_wconf 89' lang='lat' dir='ltr'>armaturarum</span> <span class='ocrx_word' id='word_1_62' title='bbox 955 985 1075 1046; x_wconf 87' lang='lat' dir='ltr'>magna</span> 
     </span>
     <span class='ocr_line' id='line_1_10' title="bbox 61 1051 1128 1137; baseline -0.003 -19"><span class='ocrx_word' id='word_1_63' title='bbox 61 1055 163 1137; x_wconf 90' lang='lat' dir='ltr'>copia.</span> <span class='ocrx_word' id='word_1_64' title='bbox 201 1051 321 1117; x_wconf 80' lang='lat' dir='ltr'>Caesar</span> <span class='ocrx_word' id='word_1_65' title='bbox 344 1053 492 1116; x_wconf 88' lang='lat' dir='ltr'>similiter</span> <span class='ocrx_word' id='word_1_66' title='bbox 515 1053 683 1136; x_wconf 90' lang='lat' dir='ltr'>octoginta</span> <span class='ocrx_word' id='word_1_67' title='bbox 706 1053 855 1118; x_wconf 87' lang='lat' dir='ltr'>cohortes</span> <span class='ocrx_word' id='word_1_68' title='bbox 878 1052 1000 1135; x_wconf 87' lang='lat' dir='ltr'>triplici</span> <span class='ocrx_word' id='word_1_69' title='bbox 1024 1075 1072 1117; x_wconf 86' lang='lat' dir='ltr'>or-</span> <span class='ocrx_word' id='word_1_70' title='bbox 1093 1059 1128 1105; x_wconf 67' lang='grc'>22</span> 
     </span>
     <span class='ocr_line' id='line_1_11' title="bbox 21 1141 1074 1225; baseline -0.001 -20"><span class='ocrx_word' id='word_1_71' title='bbox 21 1142 137 1205; x_wconf 78' lang='lat' dir='ltr'>adine</span> <span class='ocrx_word' id='word_1_72' title='bbox 155 1142 324 1225; x_wconf 82' lang='lat' dir='ltr'>disposuit,</span> <span class='ocrx_word' id='word_1_73' title='bbox 348 1141 399 1205; x_wconf 91' lang='lat' dir='ltr'>cui</span> <span class='ocrx_word' id='word_1_74' title='bbox 418 1141 549 1204; x_wconf 87' lang='lat' dir='ltr'>fuerunt</span> <span class='ocrx_word' id='word_1_75' title='bbox 573 1141 678 1204; x_wconf 90' lang='lat' dir='ltr'>minus</span> <span class='ocrx_word' id='word_1_76' title='bbox 703 1163 800 1225; x_wconf 90' lang='lat' dir='ltr'>quam</span> <span class='ocrx_word' id='word_1_77' title='bbox 823 1141 960 1224; x_wconf 89' lang='lat' dir='ltr'>triginta</span> <span class='ocrx_word' id='word_1_78' title='bbox 983 1142 1074 1204; x_wconf 87' lang='lat' dir='ltr'>milia</span> 
     </span>
     <span class='ocr_line' id='line_1_12' title="bbox 61 1229 1126 1314; baseline 0.001 -21"><span class='ocrx_word' id='word_1_79' title='bbox 61 1230 216 1313; x_wconf 90' lang='lat' dir='ltr'>peditum,</span> <span class='ocrx_word' id='word_1_80' title='bbox 240 1231 361 1312; x_wconf 87' lang='lat' dir='ltr'>equites</span> <span class='ocrx_word' id='word_1_81' title='bbox 381 1230 477 1293; x_wconf 92' lang='lat' dir='ltr'>mille.</span> <span class='ocrx_word' id='word_1_82' title='bbox 513 1229 621 1293; x_wconf 89' lang='lat' dir='ltr'>uidere</span> <span class='ocrx_word' id='word_1_83' title='bbox 641 1230 687 1294; x_wconf 93' lang='lat' dir='ltr'>ibi</span> <span class='ocrx_word' id='word_1_84' title='bbox 706 1233 739 1293; x_wconf 89' lang='lat' dir='ltr'>et</span> <span class='ocrx_word' id='word_1_85' title='bbox 761 1251 889 1314; x_wconf 89' lang='lat' dir='ltr'>gemere</span> <span class='ocrx_word' id='word_1_86' title='bbox 909 1233 979 1293; x_wconf 89' lang='lat' dir='ltr'>erat</span> <span class='ocrx_word' id='word_1_87' title='bbox 998 1251 1071 1294; x_wconf 91' lang='lat' dir='ltr'>oon·</span> <span class='ocrx_word' id='word_1_88' title='bbox 1091 1235 1126 1282; x_wconf 73' lang='lat'>25</span> 
     </span>
     <span class='ocr_line' id='line_1_13' title="bbox 59 1315 1074 1402; baseline 0.001 -21"><span class='ocrx_word' id='word_1_89' title='bbox 59 1323 181 1382; x_wconf 88' lang='lat' dir='ltr'>tractas</span> <span class='ocrx_word' id='word_1_90' title='bbox 213 1318 435 1382; x_wconf 86' lang='lat' dir='ltr'>Romanorum</span> <span class='ocrx_word' id='word_1_91' title='bbox 467 1318 550 1381; x_wconf 87' lang='lat' dir='ltr'>uires</span> <span class='ocrx_word' id='word_1_92' title='bbox 583 1319 618 1381; x_wconf 92' lang='lat' dir='ltr'>in</span> <span class='ocrx_word' id='word_1_93' title='bbox 651 1319 773 1402; x_wconf 90' lang='lat' dir='ltr'>campis</span> <span class='ocrx_word' id='word_1_94' title='bbox 803 1315 1000 1382; x_wconf 89' lang='lat' dir='ltr'>Pharsalicis</span> <span class='ocrx_word' id='word_1_95' title='bbox 1034 1319 1074 1382; x_wconf 90' lang='lat' dir='ltr'>ad</span> 
     </span>
     <span class='ocr_line' id='line_1_14' title="bbox 61 1407 1074 1490; baseline 0 -19"><span class='ocrx_word' id='word_1_96' title='bbox 61 1407 257 1472; x_wconf 89' lang='lat' dir='ltr'>occisionem</span> <span class='ocrx_word' id='word_1_97' title='bbox 281 1410 427 1470; x_wconf 88' lang='lat' dir='ltr'>mutuam</span> <span class='ocrx_word' id='word_1_98' title='bbox 450 1407 648 1485; x_wconf 89' lang='lat' dir='ltr'>constitisse,</span> <span class='ocrx_word' id='word_1_99' title='bbox 676 1429 756 1490; x_wconf 88' lang='lat' dir='ltr'>quas</span> <span class='ocrx_word' id='word_1_100' title='bbox 780 1407 808 1470; x_wconf 88' lang='lat' dir='ltr'>si</span> <span class='ocrx_word' id='word_1_101' title='bbox 831 1407 1003 1472; x_wconf 90' lang='lat' dir='ltr'>concordia</span> <span class='ocrx_word' id='word_1_102' title='bbox 1026 1430 1074 1471; x_wconf 89' lang='lat' dir='ltr'>re·</span> 
     </span>
     <span class='ocr_line' id='line_1_15' title="bbox 59 1494 1127 1578; baseline 0.003 -20"><span class='ocrx_word' id='word_1_103' title='bbox 59 1496 169 1578; x_wconf 84' lang='lat' dir='ltr'>xisset,</span> <span class='ocrx_word' id='word_1_104' title='bbox 190 1495 272 1559; x_wconf 93' lang='lat' dir='ltr'>nulli</span> <span class='ocrx_word' id='word_1_105' title='bbox 290 1494 410 1578; x_wconf 77' lang='lat' dir='ltr'>populi,</span> <span class='ocrx_word' id='word_1_106' title='bbox 431 1495 513 1558; x_wconf 93' lang='lat' dir='ltr'>nulli</span> <span class='ocrx_word' id='word_1_107' title='bbox 532 1517 624 1578; x_wconf 90' lang='lat' dir='ltr'>reges</span> <span class='ocrx_word' id='word_1_108' title='bbox 644 1496 726 1559; x_wconf 86' lang='lat' dir='ltr'>ferre</span> <span class='ocrx_word' id='word_1_109' title='bbox 745 1496 936 1578; x_wconf 86' lang='lat' dir='ltr'>potuissent</span> <span class='ocrx_word' id='word_1_110' title='bbox 968 1497 1075 1578; x_wconf 91' lang='lat' dir='ltr'>prima</span> <span class='ocrx_word' id='word_1_111' title='bbox 1093 1504 1127 1551; x_wconf 80' lang='grc'>26</span> 
     </span>
     <span class='ocr_line' id='line_1_16' title="bbox 23 1582 1075 1667; baseline 0.001 -19"><span class='ocrx_word' id='word_1_112' title='bbox 23 1600 47 1640; x_wconf 81' lang='lat'>15</span> <span class='ocrx_word' id='word_1_113' title='bbox 62 1585 293 1667; x_wconf 79' lang='lat' dir='ltr'>congressione</span> <span class='ocrx_word' id='word_1_114' title='bbox 322 1583 483 1667; x_wconf 81' lang='lat' dir='ltr'>equitatus</span> <span class='ocrx_word' id='word_1_115' title='bbox 507 1582 642 1667; x_wconf 91' lang='lat' dir='ltr'>Pompei</span> <span class='ocrx_word' id='word_1_116' title='bbox 669 1585 782 1666; x_wconf 90' lang='lat' dir='ltr'>pulsus</span> <span class='ocrx_word' id='word_1_117' title='bbox 811 1585 942 1647; x_wconf 88' lang='lat' dir='ltr'>sinistra</span> <span class='ocrx_word' id='word_1_118' title='bbox 971 1585 1075 1649; x_wconf 87' lang='lat' dir='ltr'>latera</span> 
     </span>
     <span class='ocr_line' id='line_1_17' title="bbox 58 1670 1073 1755; baseline 0 -19"><span class='ocrx_word' id='word_1_119' title='bbox 58 1672 203 1736; x_wconf 92' lang='lat' dir='ltr'>nudauit.</span> <span class='ocrx_word' id='word_1_120' title='bbox 239 1672 353 1736; x_wconf 88' lang='lat' dir='ltr'>deinde</span> <span class='ocrx_word' id='word_1_121' title='bbox 372 1693 446 1736; x_wconf 88' lang='lat' dir='ltr'>cum</span> <span class='ocrx_word' id='word_1_122' title='bbox 469 1671 524 1735; x_wconf 92' lang='lat' dir='ltr'>diu</span> <span class='ocrx_word' id='word_1_123' title='bbox 546 1673 708 1755; x_wconf 89' lang='lat' dir='ltr'>utrimque</span> <span class='ocrx_word' id='word_1_124' title='bbox 732 1670 830 1735; x_wconf 92' lang='lat' dir='ltr'>dubia</span> <span class='ocrx_word' id='word_1_125' title='bbox 853 1675 940 1735; x_wconf 90' lang='lat' dir='ltr'>sorte</span> <span class='ocrx_word' id='word_1_126' title='bbox 964 1674 1073 1736; x_wconf 88' lang='lat' dir='ltr'>caede·</span> 
     </span>
     <span class='ocr_line' id='line_1_18' title="bbox 60 1758 1073 1845; baseline 0.001 -22"><span class='ocrx_word' id='word_1_127' title='bbox 60 1765 174 1825; x_wconf 90' lang='lat' dir='ltr'>rentur</span> <span class='ocrx_word' id='word_1_128' title='bbox 197 1763 293 1845; x_wconf 90' lang='lat' dir='ltr'>atque</span> <span class='ocrx_word' id='word_1_129' title='bbox 316 1782 355 1824; x_wconf 87' lang='lat' dir='ltr'>ex</span> <span class='ocrx_word' id='word_1_130' title='bbox 379 1761 443 1824; x_wconf 91' lang='lat' dir='ltr'>alia</span> <span class='ocrx_word' id='word_1_131' title='bbox 466 1764 557 1843; x_wconf 91' lang='lat' dir='ltr'>parte</span> <span class='ocrx_word' id='word_1_132' title='bbox 577 1760 749 1842; x_wconf 90' lang='lat' dir='ltr'>Pompeius</span> <span class='ocrx_word' id='word_1_133' title='bbox 769 1758 855 1823; x_wconf 87' lang='lat' dir='ltr'>inter</span> <span class='ocrx_word' id='word_1_134' title='bbox 876 1758 1073 1824; x_wconf 92' lang='lat' dir='ltr'>hortandum</span> 
     </span>
     <span class='ocr_line' id='line_1_19' title="bbox 59 1847 1073 1932; baseline -0.001 -19"><span class='ocrx_word' id='word_1_135' title='bbox 59 1849 182 1914; x_wconf 90' lang='lat' dir='ltr'>diceret</span> <span class='ocrx_word' id='word_1_136' title='bbox 214 1870 328 1932; x_wconf 88' lang='lat' dir='ltr'>parce</span> <span class='ocrx_word' id='word_1_137' title='bbox 359 1849 510 1912; x_wconf 90' lang='lat' dir='ltr'>ciuibus</span> <span class='ocrx_word' id='word_1_138' title='bbox 542 1869 602 1912; x_wconf 90' lang='lat' dir='ltr'>nec</span> <span class='ocrx_word' id='word_1_139' title='bbox 631 1851 741 1911; x_wconf 89' lang='lat' dir='ltr'>tamen</span> <span class='ocrx_word' id='word_1_140' title='bbox 771 1847 904 1930; x_wconf 86' lang='lat' dir='ltr'>faceret,</span> <span class='ocrx_word' id='word_1_141' title='bbox 937 1869 976 1911; x_wconf 87' lang='lat' dir='ltr'>ex</span> <span class='ocrx_word' id='word_1_142' title='bbox 1009 1850 1073 1912; x_wconf 90' lang='lat' dir='ltr'>alia</span> 
     </span>
     <span class='ocr_line' id='line_1_20' title="bbox 59 1936 1072 2021; baseline 0.001 -21"><span class='ocrx_word' id='word_1_143' title='bbox 59 1959 136 2002; x_wconf 92' lang='lat' dir='ltr'>uero</span> <span class='ocrx_word' id='word_1_144' title='bbox 162 1936 282 2002; x_wconf 84' lang='lat' dir='ltr'>Caesar</span> <span class='ocrx_word' id='word_1_145' title='bbox 303 1937 366 2002; x_wconf 88' lang='lat' dir='ltr'>hoc</span> <span class='ocrx_word' id='word_1_146' title='bbox 392 1938 529 2021; x_wconf 88' lang='lat' dir='ltr'>faceret,</span> <span class='ocrx_word' id='word_1_147' title='bbox 557 1937 641 2021; x_wconf 94' lang='lat' dir='ltr'>quod</span> <span class='ocrx_word' id='word_1_148' title='bbox 665 1939 795 2020; x_wconf 87' lang='lat' dir='ltr'>urgeret</span> <span class='ocrx_word' id='word_1_149' title='bbox 818 1937 925 2000; x_wconf 80' lang='lat' dir='ltr'>dicens</span> <span class='ocrx_word' id='word_1_150' title='bbox 948 1938 1072 2020; x_wconf 88' lang='lat' dir='ltr'>miles,</span> 
     </span>
     <span class='ocr_line' id='line_1_21' title="bbox 19 2024 1072 2110; baseline 0.001 -22"><span class='ocrx_word' id='word_1_151' title='bbox 19 2027 198 2090; x_wconf 77' lang='lat' dir='ltr'>afaciem</span> <span class='ocrx_word' id='word_1_152' title='bbox 227 2026 315 2110; x_wconf 85' lang='lat' dir='ltr'>feri,</span> <span class='ocrx_word' id='word_1_153' title='bbox 346 2026 476 2090; x_wconf 90' lang='lat' dir='ltr'>tandem</span> <span class='ocrx_word' id='word_1_154' title='bbox 505 2025 675 2089; x_wconf 90' lang='lat' dir='ltr'>uniuersus</span> <span class='ocrx_word' id='word_1_155' title='bbox 705 2024 841 2108; x_wconf 90' lang='lat' dir='ltr'>Pompei</span> <span class='ocrx_word' id='word_1_156' title='bbox 870 2025 956 2108; x_wconf 89' lang='lat' dir='ltr'>fugit</span> <span class='ocrx_word' id='word_1_157' title='bbox 986 2047 1072 2089; x_wconf 85' lang='lat' dir='ltr'>exer·</span> 
     </span>
     <span class='ocr_line' id='line_1_22' title="bbox 59 2113 1125 2198; baseline 0 -20"><span class='ocrx_word' id='word_1_158' title='bbox 59 2115 151 2198; x_wconf 83' lang='lat' dir='ltr'>citus,</span> <span class='ocrx_word' id='word_1_159' title='bbox 171 2117 341 2198; x_wconf 87' lang='lat' dir='ltr'>castraque</span> <span class='ocrx_word' id='word_1_160' title='bbox 361 2114 487 2197; x_wconf 88' lang='lat' dir='ltr'>direpta</span> <span class='ocrx_word' id='word_1_161' title='bbox 506 2117 591 2179; x_wconf 88' lang='lat' dir='ltr'>sunt.</span> <span class='ocrx_word' id='word_1_162' title='bbox 628 2135 724 2179; x_wconf 88' lang='lat' dir='ltr'>caesa</span> <span class='ocrx_word' id='word_1_163' title='bbox 743 2118 819 2178; x_wconf 90' lang='lat' dir='ltr'>sunt</span> <span class='ocrx_word' id='word_1_164' title='bbox 837 2113 872 2177; x_wconf 92' lang='lat' dir='ltr'>in</span> <span class='ocrx_word' id='word_1_165' title='bbox 890 2134 928 2177; x_wconf 91' lang='lat' dir='ltr'>eo</span> <span class='ocrx_word' id='word_1_166' title='bbox 948 2115 1071 2196; x_wconf 90' lang='lat' dir='ltr'>proelio</span> <span class='ocrx_word' id='word_1_167' title='bbox 1091 2123 1125 2172; x_wconf 78' lang='grc'>27</span> 
     </span>
     <span class='ocr_line' id='line_1_23' title="bbox 59 2202 1073 2288; baseline 0.002 -23"><span class='ocrx_word' id='word_1_168' title='bbox 59 2203 333 2286; x_wconf 89' lang='lat' dir='ltr'>Pompeianorum</span> <span class='ocrx_word' id='word_1_169' title='bbox 361 2203 542 2287; x_wconf 90' lang='lat' dir='ltr'>quindecim</span> <span class='ocrx_word' id='word_1_170' title='bbox 569 2203 672 2285; x_wconf 90' lang='lat' dir='ltr'>milia,</span> <span class='ocrx_word' id='word_1_171' title='bbox 704 2202 907 2267; x_wconf 85' lang='lat' dir='ltr'>centuriones</span> <span class='ocrx_word' id='word_1_172' title='bbox 935 2204 1073 2288; x_wconf 90' lang='lat' dir='ltr'>triginta</span> 
     </span>
     <span class='ocr_line' id='line_1_24' title="bbox 59 2290 1072 2376; baseline 0.003 -22"><span class='ocrx_word' id='word_1_173' title='bbox 59 2295 91 2354; x_wconf 89' lang='lat' dir='ltr'>et</span> <span class='ocrx_word' id='word_1_174' title='bbox 113 2295 190 2356; x_wconf 90' lang='lat' dir='ltr'>tres.</span> <span class='ocrx_word' id='word_1_175' title='bbox 235 2292 289 2356; x_wconf 92' lang='lat' dir='ltr'>hic</span> <span class='ocrx_word' id='word_1_176' title='bbox 317 2292 421 2356; x_wconf 85' lang='lat' dir='ltr'>exitus</span> <span class='ocrx_word' id='word_1_177' title='bbox 450 2313 579 2376; x_wconf 86' lang='lat' dir='ltr'>pugnae</span> <span class='ocrx_word' id='word_1_178' title='bbox 607 2292 647 2355; x_wconf 92' lang='lat' dir='ltr'>ad</span> <span class='ocrx_word' id='word_1_179' title='bbox 670 2290 977 2374; x_wconf 88' lang='lat' dir='ltr'>Palaeopharsalum</span> <span class='ocrx_word' id='word_1_180' title='bbox 1001 2293 1072 2357; x_wconf 84' lang='lat' dir='ltr'>fuit.</span> 
     </span>
     <span class='ocr_line' id='line_1_25' title="bbox 58 2377 1072 2464; baseline 0.002 -22"><span class='ocrx_word' id='word_1_181' title='bbox 58 2377 232 2464; x_wconf 88' lang='lat' dir='ltr'>Pompeius</span> <span class='ocrx_word' id='word_1_182' title='bbox 269 2380 399 2464; x_wconf 81' lang='lat' dir='ltr'>fugiens</span> <span class='ocrx_word' id='word_1_183' title='bbox 431 2381 465 2443; x_wconf 92' lang='lat' dir='ltr'>in</span> <span class='ocrx_word' id='word_1_184' title='bbox 497 2381 581 2445; x_wconf 90' lang='lat' dir='ltr'>ostio</span> <span class='ocrx_word' id='word_1_185' title='bbox 614 2380 712 2444; x_wconf 90' lang='lat' dir='ltr'>Penei</span> <span class='ocrx_word' id='word_1_186' title='bbox 749 2380 854 2445; x_wconf 91' lang='lat' dir='ltr'>amnis</span> <span class='ocrx_word' id='word_1_187' title='bbox 891 2381 1072 2445; x_wconf 89' lang='lat' dir='ltr'>onerariam</span> 
     </span>
     <span class='ocr_line' id='line_1_26' title="bbox 17 2465 1125 2551; baseline -0.001 -20"><span class='ocrx_word' id='word_1_188' title='bbox 17 2484 44 2524; x_wconf 77' lang='lat'>25</span> <span class='ocrx_word' id='word_1_189' title='bbox 58 2490 174 2532; x_wconf 90' lang='lat' dir='ltr'>nauem</span> <span class='ocrx_word' id='word_1_190' title='bbox 202 2472 341 2533; x_wconf 90' lang='lat' dir='ltr'>nanctus</span> <span class='ocrx_word' id='word_1_191' title='bbox 369 2469 403 2531; x_wconf 93' lang='lat' dir='ltr'>in</span> <span class='ocrx_word' id='word_1_192' title='bbox 426 2466 540 2533; x_wconf 83' lang='lat' dir='ltr'>Asiam</span> <span class='ocrx_word' id='word_1_193' title='bbox 567 2468 707 2533; x_wconf 90' lang='lat' dir='ltr'>transiit.</span> <span class='ocrx_word' id='word_1_194' title='bbox 751 2468 907 2550; x_wconf 75' lang='lat' dir='ltr'>indeper</span> <span class='ocrx_word' id='word_1_195' title='bbox 930 2465 1071 2551; x_wconf 76' lang='lat' dir='ltr'>Cyprum</span> <span class='ocrx_word' id='word_1_196' title='bbox 1091 2477 1125 2525; x_wconf 82' lang='lat'>28</span> 
     </span>
     <span class='ocr_line' id='line_1_27' title="bbox 58 2555 1072 2641; baseline 0 -21"><span class='ocrx_word' id='word_1_197' title='bbox 58 2559 92 2620; x_wconf 92' lang='lat' dir='ltr'>in</span> <span class='ocrx_word' id='word_1_198' title='bbox 115 2557 302 2640; x_wconf 84' lang='lat' dir='ltr'>Aegyptum</span> <span class='ocrx_word' id='word_1_199' title='bbox 325 2557 416 2621; x_wconf 90' lang='lat' dir='ltr'>uenit</span> <span class='ocrx_word' id='word_1_200' title='bbox 437 2556 546 2641; x_wconf 90' lang='lat' dir='ltr'>ibique</span> <span class='ocrx_word' id='word_1_201' title='bbox 569 2579 645 2621; x_wconf 85' lang='lat' dir='ltr'>mox</span> <span class='ocrx_word' id='word_1_202' title='bbox 668 2560 705 2619; x_wconf 94' lang='lat' dir='ltr'>ut</span> <span class='ocrx_word' id='word_1_203' title='bbox 726 2555 805 2619; x_wconf 87' lang='lat' dir='ltr'>litus</span> <span class='ocrx_word' id='word_1_204' title='bbox 829 2555 953 2638; x_wconf 86' lang='lat' dir='ltr'>attigit,</span> <span class='ocrx_word' id='word_1_205' title='bbox 980 2555 1072 2620; x_wconf 88' lang='lat' dir='ltr'>iussu</span> 
     </span>
     <span class='ocr_line' id='line_1_28' title="bbox 58 2643 1071 2730; baseline 0.001 -23"><span class='ocrx_word' id='word_1_206' title='bbox 58 2644 237 2709; x_wconf 88' lang='lat' dir='ltr'>Ptolemaei</span> <span class='ocrx_word' id='word_1_207' title='bbox 270 2645 483 2709; x_wconf 87' lang='lat' dir='ltr'>adulescentis</span> <span class='ocrx_word' id='word_1_208' title='bbox 515 2646 550 2710; x_wconf 91' lang='lat' dir='ltr'>in</span> <span class='ocrx_word' id='word_1_209' title='bbox 582 2644 723 2730; x_wconf 88' lang='lat' dir='ltr'>gratiam</span> <span class='ocrx_word' id='word_1_210' title='bbox 755 2643 903 2709; x_wconf 76' lang='lat' dir='ltr'>Caesaris</span> <span class='ocrx_word' id='word_1_211' title='bbox 937 2643 1071 2708; x_wconf 91' lang='lat' dir='ltr'>uictoris</span> 
     </span>
     <span class='ocr_line' id='line_1_29' title="bbox 59 2732 1072 2819; baseline 0.001 -23"><span class='ocrx_word' id='word_1_212' title='bbox 59 2734 183 2797; x_wconf 90' lang='lat' dir='ltr'>occisus</span> <span class='ocrx_word' id='word_1_213' title='bbox 216 2737 273 2798; x_wconf 89' lang='lat' dir='ltr'>est.</span> <span class='ocrx_word' id='word_1_214' title='bbox 326 2733 461 2817; x_wconf 88' lang='lat' dir='ltr'>Pompei</span> <span class='ocrx_word' id='word_1_215' title='bbox 493 2756 575 2799; x_wconf 86' lang='lat' dir='ltr'>uxor</span> <span class='ocrx_word' id='word_1_216' title='bbox 606 2733 728 2816; x_wconf 91' lang='lat' dir='ltr'>filiique</span> <span class='ocrx_word' id='word_1_217' title='bbox 760 2732 928 2819; x_wconf 53' lang='lat' dir='ltr'>{ugernum</span> <span class='ocrx_word' id='word_1_218' title='bbox 965 2741 1072 2797; x_wconf 90' lang='lat' dir='ltr'>cetera</span> 
     </span>
     <span class='ocr_line' id='line_1_30' title="bbox 58 2821 1073 2906; baseline 0.002 -21"><span class='ocrx_word' id='word_1_219' title='bbox 58 2821 258 2904; x_wconf 88' lang='lat' dir='ltr'>Pompeiana</span> <span class='ocrx_word' id='word_1_220' title='bbox 281 2823 396 2887; x_wconf 89' lang='lat' dir='ltr'>classis</span> <span class='ocrx_word' id='word_1_221' title='bbox 415 2823 540 2906; x_wconf 89' lang='lat' dir='ltr'>direpta</span> <span class='ocrx_word' id='word_1_222' title='bbox 559 2826 609 2886; x_wconf 90' lang='lat' dir='ltr'>est</span> <span class='ocrx_word' id='word_1_223' title='bbox 627 2823 775 2887; x_wconf 92' lang='lat' dir='ltr'>omnibus</span> <span class='ocrx_word' id='word_1_224' title='bbox 795 2822 903 2905; x_wconf 91' lang='lat' dir='ltr'>quiin</span> <span class='ocrx_word' id='word_1_225' title='bbox 922 2844 960 2887; x_wconf 87' lang='lat' dir='ltr'>ea</span> <span class='ocrx_word' id='word_1_226' title='bbox 979 2828 1073 2888; x_wconf 90' lang='lat' dir='ltr'>erant</span> 
     </span>
     <span class='ocr_line' id='line_1_31' title="bbox 10 2908 1070 2995; baseline 0.003 -22"><span class='ocrx_word' id='word_1_227' title='bbox 10 2926 41 2964; x_wconf 77' lang='grc'>21</span> <span class='ocrx_word' id='word_1_228' title='bbox 61 2910 280 2975; x_wconf 85' lang='lat' dir='ltr'>crudelissime</span> <span class='ocrx_word' id='word_1_229' title='bbox 299 2911 479 2989; x_wconf 87' lang='lat' dir='ltr'>trucidatis,</span> <span class='ocrx_word' id='word_1_230' title='bbox 499 2908 615 2995; x_wconf 81' lang='lat' dir='ltr'>libique</span> <span class='ocrx_word' id='word_1_231' title='bbox 633 2916 666 2976; x_wconf 90' lang='lat' dir='ltr'>et</span> <span class='ocrx_word' id='word_1_232' title='bbox 685 2909 859 2994; x_wconf 88' lang='lat' dir='ltr'>Pompeius</span> <span class='ocrx_word' id='word_1_233' title='bbox 881 2909 1070 2995; x_wconf 86' lang='lat' dir='ltr'>Bithynicus</span> 
     </span>
     <span class='ocr_line' id='line_1_32' title="bbox 20 2999 1069 3084; baseline 0.002 -22"><span class='ocrx_word' id='word_1_234' title='bbox 20 3014 45 3054; x_wconf 82' lang='lat'>³1</span> <span class='ocrx_word' id='word_1_235' title='bbox 62 2999 186 3063; x_wconf 89' lang='lat' dir='ltr'>occisus</span> <span class='ocrx_word' id='word_1_236' title='bbox 210 3003 267 3064; x_wconf 92' lang='lat' dir='ltr'>est.</span> <span class='ocrx_word' id='word_1_237' title='bbox 313 2999 469 3064; x_wconf 86' lang='lat' dir='ltr'>Lentulus</span> <span class='ocrx_word' id='word_1_238' title='bbox 493 3022 570 3065; x_wconf 90' lang='lat' dir='ltr'>uero</span> <span class='ocrx_word' id='word_1_239' title='bbox 593 3000 645 3064; x_wconf 95' lang='lat' dir='ltr'>uir</span> <span class='ocrx_word' id='word_1_240' title='bbox 667 3001 844 3065; x_wconf 89' lang='lat' dir='ltr'>consularis</span> <span class='ocrx_word' id='word_1_241' title='bbox 868 3001 953 3084; x_wconf 87' lang='lat' dir='ltr'>apud</span> <span class='ocrx_word' id='word_1_242' title='bbox 976 3000 1069 3065; x_wconf 90' lang='lat' dir='ltr'>Pelu-</span> 
     </span>
     <span class='ocr_line' id='line_1_33' title="bbox 57 3086 1122 3170; baseline 0.002 -20"><span class='ocrx_word' id='word_1_243' title='bbox 57 3088 139 3150; x_wconf 91' lang='lat' dir='ltr'>sium</span> <span class='ocrx_word' id='word_1_244' title='bbox 160 3087 354 3152; x_wconf 85' lang='lat' dir='ltr'>interfectus</span> <span class='ocrx_word' id='word_1_245' title='bbox 378 3092 436 3152; x_wconf 89' lang='lat' dir='ltr'>est.</span> <span class='ocrx_word' id='word_1_246' title='bbox 481 3086 602 3152; x_wconf 78' lang='lat' dir='ltr'>Caesar</span> <span class='ocrx_word' id='word_1_247' title='bbox 625 3089 802 3170; x_wconf 87' lang='lat' dir='ltr'>conpositis</span> <span class='ocrx_word' id='word_1_248' title='bbox 825 3089 911 3170; x_wconf 91' lang='lat' dir='ltr'>apud</span> <span class='ocrx_word' id='word_1_249' title='bbox 934 3088 1069 3152; x_wconf 87' lang='lat' dir='ltr'>Thessa·</span> <span class='ocrx_word' id='word_1_250' title='bbox 1089 3096 1122 3143; x_wconf 82' lang='grc'>29</span> 
     </span>
     <span class='ocr_line' id='line_1_34' title="bbox 56 3175 1069 3260; baseline 0 -22"><span class='ocrx_word' id='word_1_251' title='bbox 56 3176 134 3239; x_wconf 89' lang='lat' dir='ltr'>liam</span> <span class='ocrx_word' id='word_1_252' title='bbox 164 3176 260 3241; x_wconf 89' lang='lat' dir='ltr'>rebus</span> <span class='ocrx_word' id='word_1_253' title='bbox 290 3175 522 3241; x_wconf 85' lang='lat' dir='ltr'>Alexandriam</span> <span class='ocrx_word' id='word_1_254' title='bbox 552 3175 645 3240; x_wconf 92' lang='lat' dir='ltr'>uenit</span> <span class='ocrx_word' id='word_1_255' title='bbox 673 3177 861 3260; x_wconf 87' lang='lat' dir='ltr'>perlatoque</span> <span class='ocrx_word' id='word_1_256' title='bbox 892 3177 932 3238; x_wconf 91' lang='lat' dir='ltr'>ad</span> <span class='ocrx_word' id='word_1_257' title='bbox 965 3198 998 3239; x_wconf 89' lang='lat' dir='ltr'>se</span> <span class='ocrx_word' id='word_1_258' title='bbox 1032 3197 1069 3238; x_wconf 89' lang='lat' dir='ltr'>ac</span> 
     </span>
     <span class='ocr_line' id='line_1_35' title="bbox 58 3264 1069 3348; baseline -0.002 -22"><span class='ocrx_word' id='word_1_259' title='bbox 58 3265 128 3328; x_wconf 92' lang='lat' dir='ltr'>uiso</span> <span class='ocrx_word' id='word_1_260' title='bbox 160 3264 296 3347; x_wconf 89' lang='lat' dir='ltr'>Pompei</span> <span class='ocrx_word' id='word_1_261' title='bbox 329 3265 434 3347; x_wconf 88' lang='lat' dir='ltr'>capite</span> <span class='ocrx_word' id='word_1_262' title='bbox 467 3264 628 3348; x_wconf 91' lang='lat' dir='ltr'>anuloque</span> <span class='ocrx_word' id='word_1_263' title='bbox 660 3264 762 3347; x_wconf 83' lang='lat' dir='ltr'>fleuit3</span> <span class='ocrx_word' id='word_1_264' title='bbox 800 3284 936 3345; x_wconf 90' lang='lat' dir='ltr'>cumque</span> <span class='ocrx_word' id='word_1_265' title='bbox 968 3284 1000 3325; x_wconf 92' lang='lat' dir='ltr'>se</span> <span class='ocrx_word' id='word_1_266' title='bbox 1033 3264 1069 3325; x_wconf 92' lang='lat' dir='ltr'>in</span> 
     </span>
     <span class='ocr_line' id='line_1_36' title="bbox 17 3351 1068 3436; baseline -0.001 -21"><span class='ocrx_word' id='word_1_267' title='bbox 17 3369 43 3408; x_wconf 74' lang='lat'>³⁵</span> <span class='ocrx_word' id='word_1_268' title='bbox 57 3353 181 3436; x_wconf 87' lang='lat' dir='ltr'>regiam</span> <span class='ocrx_word' id='word_1_269' title='bbox 208 3353 396 3436; x_wconf 85' lang='lat' dir='ltr'>recepisset,</span> <span class='ocrx_word' id='word_1_270' title='bbox 427 3353 615 3418; x_wconf 87' lang='lat' dir='ltr'>eludebatur</span> <span class='ocrx_word' id='word_1_271' title='bbox 643 3376 663 3418; x_wconf 93' lang='lat' dir='ltr'>a</span> <span class='ocrx_word' id='word_1_272' title='bbox 689 3352 866 3432; x_wconf 90' lang='lat' dir='ltr'>tutoribus,</span> <span class='ocrx_word' id='word_1_273' title='bbox 896 3351 1068 3434; x_wconf 87' lang='lat' dir='ltr'>quominus</span> 
     </span>
     <span class='ocr_line' id='line_1_37' title="bbox 56 3439 1069 3526; baseline 0 -23"><span class='ocrx_word' id='word_1_274' title='bbox 56 3441 227 3522; x_wconf 89' lang='lat' dir='ltr'>pecuniam</span> <span class='ocrx_word' id='word_1_275' title='bbox 252 3440 426 3525; x_wconf 87' lang='lat' dir='ltr'>acciperet,</span> <span class='ocrx_word' id='word_1_276' title='bbox 453 3443 574 3526; x_wconf 87' lang='lat' dir='ltr'>templa</span> <span class='ocrx_word' id='word_1_277' title='bbox 597 3464 656 3506; x_wconf 88' lang='lat' dir='ltr'>sua</span> <span class='ocrx_word' id='word_1_278' title='bbox 679 3443 751 3504; x_wconf 91' lang='lat' dir='ltr'>astu</span> <span class='ocrx_word' id='word_1_279' title='bbox 775 3439 1003 3523; x_wconf 86' lang='lat' dir='ltr'>spoliantibus,</span> <span class='ocrx_word' id='word_1_280' title='bbox 1031 3442 1069 3503; x_wconf 89' lang='lat' dir='ltr'>ut</span> 
     </span>
     <span class='ocr_line' id='line_1_38' title="bbox 57 3527 1069 3614; baseline 0.004 -24"><span class='ocrx_word' id='word_1_281' title='bbox 57 3532 90 3591; x_wconf 92' lang='lat' dir='ltr'>et</span> <span class='ocrx_word' id='word_1_282' title='bbox 112 3530 219 3614; x_wconf 86' lang='lat' dir='ltr'>regios</span> <span class='ocrx_word' id='word_1_283' title='bbox 242 3529 413 3596; x_wconf 88' lang='lat' dir='ltr'>thesauros</span> <span class='ocrx_word' id='word_1_284' title='bbox 440 3551 560 3596; x_wconf 86' lang='lat' dir='ltr'>uacuos</span> <span class='ocrx_word' id='word_1_285' title='bbox 584 3550 655 3594; x_wconf 86' lang='lat' dir='ltr'>esse</span> <span class='ocrx_word' id='word_1_286' title='bbox 678 3527 884 3594; x_wconf 88' lang='lat' dir='ltr'>ostenderent</span> <span class='ocrx_word' id='word_1_287' title='bbox 906 3531 939 3593; x_wconf 88' lang='lat' dir='ltr'>et</span> <span class='ocrx_word' id='word_1_288' title='bbox 961 3527 995 3593; x_wconf 90' lang='lat' dir='ltr'>in</span> <span class='ocrx_word' id='word_1_289' title='bbox 1017 3528 1069 3594; x_wconf 90' lang='lat' dir='ltr'>in-</span> 
     </span>
    </p>
   </div>
   <div class='ocr_carea' id='block_1_3' title="bbox 0 0 1190 3960">
    <p class='ocr_par' dir='ltr' id='par_1_3' title="bbox 0 0 1190 3960">
     <span class='ocr_line' id='line_1_39' title="bbox 0 0 1190 3960; baseline 0 3"><span class='ocrx_word' id='word_1_290' title='bbox 0 0 1190 3960; x_wconf 95' lang='lat' dir='ltr'> </span> 
     </span>
    </p>
   </div>
  </div>
 </body>
</html>
