2370 3960
361 119 556 173 ADVERSVM
573 121 739 174 PAGANOS
758 124 773 174 I
791 126 815 176 2.
1074 119 1092 184 7

77 264 120 328 ab
149 284 269 330 oceano
294 283 444 329 occasum
466 286 581 330 uersus
605 265 801 349 extenditur,
830 263 936 330 snus
961 286 1093 351 genera·

77 353 154 418 liter
177 353 378 436 nominatur,
400 352 525 418 habens
549 354 709 418 maximas
733 354 917 438 prouincias
944 353 1093 420 (lemma-

11 459 62 508 με
75 462 196 526 genam
217 440 430 506 Phoeniciam
453 445 486 506 et
508 443 740 522 Palaestinam,
769 440 899 528 labsque
923 441 1092 509 Saracenis

73 534 109 595 et
129 528 334 595 Nabathaeis
359 552 496 614 quorum
520 534 633 616 gentes
657 536 734 596 sunt
752 550 813 597 ΧΗ.
862 552 864 557 ·

49 635 61 675 ⁵
142 617 184 682 In
212 619 318 703 capite
342 616 454 702 Syriae
478 618 701 686 Oarrnnocm
729 624 792 704 est,
823 642 905 704 quae
927 621 1028 686 habet
1051 622 1091 686 ab
1111 632 1145 680 25

73 708 201 772 oriente
233 708 437 791 Armeniam,
474 709 515 774 ab
552 730 666 774 occasu
699 708 826 793 Asiam,
864 709 904 774 ab
942 711 1093 794 aquilone

72 795 317 880 Themiscyrios
351 818 482 880 campos
516 801 548 862 et
580 819 669 862 mare
702 796 944 881 Cimmericum,
976 819 995 862 a
1028 820 1092 863 me-

71 884 156 949 ridie
180 885 325 950 Taurum
348 889 508 970 montem,
535 887 586 951 cui
610 886 755 951 subiacet
778 884 891 951 Cilicia
914 889 947 950 et
968 884 1093 951 Isauria

72 995 177 1127 anue
202 973 244 1038 ad
267 971 418 1039 Cilicium
441 975 561 1060 sinum,
590 975 645 1059 qui
669 977 794 1058 spectat
817 978 931 1039 contra
953 975 1093 1040 insulam

39 1079 62 1117 ω
99 1084 230 1147 ypram.

139 1150 231 1216 ASIA
257 1168 365 1217 anolo
398 1153 464 1230 uel,
495 1156 533 1216 ut
563 1153 695 1236 proprie
723 1153 842 1236 dicam,
873 1153 957 1217 Asia
983 1153 1142 1218 minorat

74 1239 200 1324 absque
229 1240 381 1305 orientali
408 1244 502 1325 parte
533 1241 661 1326 quaed
685 1239 926 1325 Cappadociam
951 1239 1092 1325 Syriam·

73 1349 136 1412 que
156 1328 366 1413 progreditur
379 1329 518 1414 undique
533 1330 732 1395 circumdata
747 1334 798 1396 est
811 1332 910 1395 mari:
933 1354 952 1395 a
967 1334 1094 1415 septen·

71 1418 179 1483 trione
213 1417 320 1483 Ponto
353 1417 496 1502 Euxino,
533 1418 574 1482 ab
612 1441 729 1484 occasu
760 1419 959 1504 Propontide
997 1423 1093 1504 atque

38 1504 305 1659 ¹agellesponto,
328 1507 369 1571 ad
392 1507 559 1572 meridiem
582 1509 664 1573 mari
686 1506 817 1573 Nostro.
857 1509 903 1573 ibi
926 1513 977 1573 est
999 1530 1093 1573 mons

99 1594 243 1678 lympus.
535 1640 537 1644 -

137 1684 334 1749 Anorrrvs
358 1701 526 1750 iurnarou
549 1684 590 1748 ab
615 1685 737 1750 oriente
760 1685 860 1749 habet
883 1683 1011 1768 Syriam
1031 1685 1092 1748 Pa·
1112 1695 1145 1744 aa

72 1772 264 1857 laestinam,
296 1772 339 1836 ab
372 1794 489 1838 occasu
516 1772 669 1857 Libyam,
702 1796 721 1838 a
753 1774 975 1856 septentrione
1003 1794 1092 1837 mare

72 1859 243 1944 Nostrum,
265 1883 285 1925 a
302 1861 436 1926 meridie
456 1865 610 1945 montem,
630 1862 684 1945 qui
704 1862 887 1946 appellatur
905 1858 1040 1945 Olimax,
1059 1864 1092 1924 et

36 1949 267 2035 ”Aegyptum
295 1951 494 2034 superiorem
520 1950 721 2035 fluuiumque
744 1949 871 2033 Nilum,
901 1949 957 2035 qui
987 1950 1026 2014 de
1053 1949 1091 2014 li·
1112 1962 1146 2011 28

12 2051 58 2099 11²
70 2042 142 2103 tore
166 2038 356 2122 incipientis
380 2039 479 2104 maris
499 2035 611 2104 Rulbri
628 2041 757 2104 uidetur
775 2059 938 2123 emergere
956 2039 991 2103 in
1010 2040 1093 2123 loco,

70 2128 129 2211 qui
157 2127 281 2192 dieitur
303 2126 471 2212 Mossylon
499 2128 694 2211 emporium,
722 2127 836 2193 deinde
861 2127 915 2192 diu
939 2128 979 2192 ad
1003 2149 1093 2193 occa-

69 2237 142 2280 sum
159 2215 338 2300 profluens,
355 2216 478 2281 faciens
492 2217 632 2281 insulam
646 2218 778 2281 nomine
792 2215 924 2281 Meroen
938 2217 973 2280 in
986 2216 1092 2281 medio

69 2305 134 2386 sni,
163 2304 348 2369 nouissime
371 2304 411 2368 ad
435 2306 689 2390 septentrionem
712 2305 864 2389 inflexus,
887 2306 1089 2389 tempestiuis

34 2407 56 2446 ὃ
69 2396 189 2458 auctus
217 2393 425 2458 incrementis
453 2396 552 2477 plana
574 2393 718 2479 Aegypti
740 2394 835 2479 rigat.
880 2393 966 2458 hunc
990 2394 1091 2478 aliqui
1111 2405 1145 2454 29

68 2486 225 2546 auctores
253 2480 362 2546 ferunt
384 2482 471 2547 haud
494 2483 606 2567 procul
631 2482 671 2546 ab
695 2482 851 2547 Athlantc
875 2481 995 2545 habere
1018 2481 1091 2545 fon-

67 2574 136 2634 tem
168 2573 207 2634 et
235 2570 390 2635 continuo
412 2571 541 2636 harenis
565 2572 682 2656 mergi,
709 2571 784 2636 inde
807 2570 975 2634 interiecto
999 2569 1092 2634 breui
1111 2583 1146 2632 3ο

67 2660 181 2742 spatio
217 2658 406 2724 uastissimo
439 2660 511 2725 lacu
544 2659 707 2724 exundare
740 2662 836 2745 atque
868 2658 944 2723 hinc
973 2680 1093 2724 oceano

66 2753 165 2812 tenua
193 2747 355 2812 orientem
378 2769 490 2814 uersus
514 2770 572 2833 per
594 2747 790 2833 Aethiopica
814 2748 942 2813 deserta
964 2748 1093 2831 prolabi

34 2850 253 2921 ”rursusque
275 2836 428 2900 inflexum
452 2837 492 2902 ad
516 2837 683 2902 sinistram
702 2837 742 2902 ad
756 2835 945 2921 Aegyptum
965 2837 1092 2901 descen·

65 2925 152 2990 dere.
193 2925 284 3009 quod
308 2925 437 3009 quidem
459 2948 573 2991 uerum
593 2928 644 2990 est
663 2947 733 2991 esse
751 2926 938 2991 huiusmodi
956 2925 1090 2990 fluuium
1110 2935 1142 2984 31

64 3035 244 3100 magnum,
276 3015 333 3098 qui
359 3014 418 3078 tali
446 3018 519 3080 ortu
546 3015 668 3099 talique
696 3035 791 3079 cursu
820 3014 864 3079 sit
892 3018 926 3078 et
953 3035 988 3080 re
1015 3034 1092 3078 uera

14 3104 181 3169 exsomnis
194 3100 270 3168 Nili
288 3106 435 3167 monstra
453 3099 588 3188 gilgnat3
608 3124 703 3188 quem
722 3103 834 3187 utique
852 3124 952 3187 prope
966 3103 1091 3166 fontem

64 3191 204 3258 barbari
236 3189 329 3255 Dara
361 3191 547 3276 nominant,
580 3193 678 3256 ceteri
710 3213 787 3256 uero
820 3193 947 3257 accolae
978 3187 1089 3252 Nuhul

32 3286 201 3366 ⁸euocant3
227 3280 287 3346 sed
311 3279 366 3344 hic
388 3280 423 3343 in
447 3281 578 3366 regione
602 3281 760 3365 gentium,
784 3301 864 3364 quae
888 3279 1090 3359 Libycaegy·
1109 3291 1142 3341 aa

60 3373 150 3456 puae
169 3371 350 3452 uocantur,
369 3367 456 3432 haud
470 3370 582 3453 procul
597 3371 638 3434 ab
653 3370 711 3434 illo
726 3369 833 3448 fluuio,
852 3386 946 3447 quem
962 3363 1089 3427 alitore

60 3461 162 3527 maria
191 3459 304 3526 Rubri
335 3479 547 3541 prorumpere
578 3458 732 3542 diximus,
763 3456 909 3519 inmenso
939 3451 1018 3516 lacu
1041 3471 1093 3513 ac·
