2370 3960
123 183 187 248 126
370 182 478 235 PAVLI
497 183 619 235 OROSII
637 184 885 237 HISTORIARVM

120 313 288 392 Ronianae
311 326 459 391 miseriae
482 326 605 393 factum
632 329 791 412 recolens,
818 349 878 411 pro
907 329 1136 412 supplemento

121 416 280 480 exercitus
311 415 415 482 edicto
445 417 535 481 uelut
567 417 658 502 asylo
689 416 853 501 patefacto
884 416 1033 482 homines
1067 419 1136 504 qui·

119 525 254 588 cumque
274 505 448 570 sceleribus
468 527 506 570 ac
525 505 642 570 debitis
662 505 795 570 obnoxii
813 509 922 571 essent
939 506 1137 590 impunitate

116 594 281 676 promissa
298 594 435 659 militiae
453 593 668 680 mancipauit3
691 615 828 679 quorum
845 614 999 658 numerus
1019 595 1061 658 ad
1081 617 1137 660 sex

66 681 209 745 remilia
232 683 378 747 uirorum
401 682 473 747 fuit.
514 680 696 766 Campania
717 704 796 747 uero
819 683 872 747 uel
894 682 1005 767 potius
1029 684 1136 749 omnis
1162 706 1175 748 5

116 768 216 834 Italia
235 769 276 835 ad
293 770 513 835 Hannibalem
533 769 703 854 desperata
720 770 851 856 penitus
870 770 1011 836 Romani
1030 774 1136 837 status

68 868 99 917 11
120 860 325 943 reparatione
345 857 471 923 defecit.
507 864 584 943 post
605 860 668 924 hoc
687 859 723 926 L.
740 859 927 925 Postumius
945 863 1061 944 prator
1080 861 1137 926 ad-

72 961 75 967 “
117 969 230 1013 111111
250 946 362 1012 Gallos
381 966 527 1031 pugnare
549 949 668 1013 missus
692 970 765 1013 cum
784 947 926 1014 exercitu
945 969 1057 1013 caesus
1077 953 1136 1014 est.

65 1048 100 1095 12
186 1036 310 1102 Deinde
335 1034 526 1121 Sempronio
552 1035 697 1102 Graccho
718 1035 875 1112 1111111
894 1035 1037 1101 Maximo
1062 1058 1137 1103 oon-

119 1127 243 1190 sulibus
267 1123 420 1191 Claudius
446 1121 624 1190 ΙΜ11111111
657 1130 845 1209 expraetore
868 1125 1062 1210 proconsule
1086 1126 1137 1190 de
1150 1155 1171 1193 1

122 1216 268 1298 signatus
287 1213 482 1278 Hannibalis
501 1214 676 1278 exereitum
693 1213 817 1296 proelio
841 1212 925 1279 fudit
947 1214 1136 1298 primusque
1150 1235 1175 1274 11

120 1306 197 1385 post
219 1305 328 1366 tantas
352 1301 548 1386 reipublicae
571 1301 682 1366 ruinas
707 1323 798 1384 spem
820 1301 898 1366 fecit
915 1300 1137 1367 Hannibalem

69 1401 101 1450 13
120 1411 216 1474 posse
240 1389 393 1474 superari.
431 1389 598 1474 Scipiones
623 1392 731 1454 autem
752 1390 787 1453 in
805 1388 968 1474 Hispania
990 1389 1136 1456 Hasdru·

117 1479 225 1543 balem
255 1479 438 1544 Poenorum
466 1477 697 1561 imperatorem
729 1477 769 1542 ad
798 1477 930 1543 Italiam
960 1476 1136 1543 exercitum

119 1571 349 1651 conponentem
369 1566 561 1651 grauissimo
580 1566 665 1631 bello
685 1571 929 1652 oppresserunt,
947 1588 1024 1631 nam
1038 1585 1135 1633 xxxv
1149 1587 1174 1628 15

118 1655 208 1721 milia
232 1657 374 1721 militum
397 1655 435 1720 de
459 1655 600 1719 exercitu
623 1657 691 1720 eius
714 1656 768 1720 uel
790 1654 887 1721 caede
909 1656 962 1719 uel
985 1656 1136 1739 captione

16 1786 32 1814 1
67 1765 100 1814 14
119 1746 313 1810 minuerunt.
360 1742 539 1808 Celtiberos
571 1744 705 1828 milites,
735 1765 834 1828 quam
864 1744 1003 1826 primam
1031 1748 1135 1809 exter·

117 1857 194 1899 nam
208 1856 342 1900 manum
355 1832 496 1898 Romani
509 1832 544 1896 in
558 1833 675 1897 castris
689 1832 809 1898 habere
824 1835 1007 1914 coeperunt,
1025 1833 1134 1914 pretio

119 1925 310 1989 sollicitatos
326 1923 366 1986 ab
380 1920 524 1986 hostium
538 1922 695 1985 societate
709 1921 745 1984 in
759 1942 817 1985 sua
835 1922 942 1983 castra
961 1917 1135 1986 duxerunt.

66 2033 98 2080 15
119 2009 329 2094 Sempronius
353 2008 517 2074 Gracchus
545 2009 738 2093 proconsule
765 2009 806 2072 ab
834 2006 963 2090 hospite
987 2027 1045 2070 suo
1070 2007 1134 2073 Lu·
1148 2030 1174 2070 so

67 2120 99 2167 16
119 2121 200 2163 cano
231 2097 369 2182 quodam
397 2098 431 2161 in
459 2097 594 2162 insidias
622 2097 771 2162 inductus
795 2095 919 2161 occisus
947 2097 1006 2159 est.
1052 2092 1136 2160 Oen-

118 2187 224 2250 tenius
247 2184 394 2249 Paenula
417 2185 562 2250 centurio
587 2185 715 2250 decerni
739 2184 803 2249 sibi
825 2185 911 2248 ultro
933 2183 1056 2248 bellum
1080 2184 1134 2249 ad·

117 2295 247 2338 uersum
274 2272 494 2338 Hannibalem
516 2273 625 2357 petiit:
656 2295 676 2336 a
698 2295 762 2357 quo
793 2295 866 2338 cum
897 2276 971 2337 octo
998 2272 1133 2338 milibus

66 2376 98 2424 11
117 2361 273 2447 militum,
304 2384 386 2446 quos
415 2363 451 2427 in
480 2363 583 2429 aciem
612 2361 780 2447 eduxerat,
811 2383 923 2428 caesus
954 2365 1012 2426 est.
1056 2364 1133 2444 post

114 2449 201 2514 huno
226 2449 284 2516 On.
302 2450 437 2517 Fuluius
460 2455 592 2536 praetor
615 2451 655 2515 ab
678 2449 864 2517 Hannibale
886 2450 991 2515 uictus
1011 2449 1131 2514 amisso
1145 2467 1172 2509 as

115 2539 258 2604 exercitu
281 2541 335 2605 uix
359 2541 472 2607 euasit.

62 2638 95 2689 18
181 2627 286 2694 Pudet
313 2630 555 2696 recordationis.
604 2629 681 2715 quid
708 2629 795 2694 enim
818 2629 923 2694 dicam
944 2627 1132 2710 improbita-

113 2719 181 2778 tem
209 2718 315 2800 magis
344 2740 387 2782 an
414 2719 578 2784 miseriam
606 2716 852 2782 Romanorum?
889 2717 988 2778 immo
1021 2715 1129 2777 uerius

114 2805 166 2868 uel
198 2804 383 2887 improbam
415 2807 579 2871 miseriam
612 2807 664 2869 uel
692 2805 843 2868 miseram
875 2799 1128 2882 improbitatem.

62 2914 94 2963 19
114 2892 184 2976 quis
208 2893 319 2957 credat
342 2915 380 2959 eo
403 2897 558 2977 tempore,
582 2912 645 2976 quo
670 2891 829 2955 1111111111
852 2887 965 2971 populi
987 2885 1170 2952 Romanius

115 3001 250 3065 egenam
274 2981 391 3063 stipem
414 2980 544 3064 priuata
567 2977 751 3043 conlatione
778 2975 948 3059 poscebat,
976 2974 1070 3039 miles
1093 2975 1129 3040 in

115 3070 229 3135 castris
257 3088 323 3132 non
350 3067 414 3133 nisi
442 3071 498 3132 aut
527 3088 607 3150 puer
636 3068 694 3130 aut
723 3085 836 3130 seruus
866 3067 923 3129 aut
952 3065 1127 3130 sceleratus

116 3162 173 3223 aut
200 3157 325 3222 debitor
352 3158 385 3220 et
413 3176 453 3219 ne
483 3154 528 3220 sic
557 3153 685 3239 quidem
714 3173 849 3218 numero
881 3153 1017 3227 idoneus
1050 3157 1128 3237 erat,

117 3249 246 3313 senatus
282 3245 317 3310 in
354 3243 442 3308 curia
479 3242 585 3309 omnis
622 3262 726 3326 paene
761 3242 909 3308 nouicius
946 3241 1126 3323 uidebatur,

116 3339 280 3422 postremo
308 3354 381 3399 cum
408 3332 456 3397 ita
482 3326 662 3395 inminultis
692 3329 868 3416 fractisque
899 3329 1048 3396 omnibus
1072 3326 1122 3391 de·
1135 3355 1180 3394 a*

117 3424 317 3508 sperabatur,
338 3425 375 3488 ut
396 3420 567 3486 consilium
590 3419 629 3483 de
651 3418 863 3504 relinquenda
884 3418 984 3482 Itatia
1008 3415 1126 3480 subire·
1140 3435 1167 3475 ee

62 3534 97 3582 ao
116 3518 182 3579 tur:
202 3550 244 3560 -
264 3535 301 3579 eo
317 3516 470 3597 tempore,
488 3531 561 3574 cum
575 3529 674 3572 unum
690 3506 911 3590 domesticum,
928 3507 966 3569 ut
980 3503 1127 3588 diximus,
