2370 3960
131 177 195 241 288
378 176 487 228 mum
505 175 628 227 oaosn
645 174 895 227 msuoamxvu

132 323 275 401 duxerat,
298 319 425 384 defectu
444 319 585 383 militum
605 316 762 383 ldestituti
780 317 815 382 in
834 316 964 382 diuersa
986 315 1184 404 sugaranam

79 422 110 470 11
132 410 226 474 Gildo
251 408 376 492 etipse
399 407 513 494 fugam
536 407 667 472 molitus
691 410 822 490 arrepta
840 406 918 470 naui
936 409 975 471 ut
992 406 1029 470 in
1047 407 1139 471 altum

133 501 306 581 prouectus
338 518 376 561 ac
406 496 521 563 deiude
550 499 720 560 reuocatus
747 496 782 559 in
805 493 952 559 Africam
982 498 1047 579 est,
1075 497 1140 580 post

81 598 112 646 12
133 587 258 669 aliquot
286 585 353 650 dies
378 585 602 670 strangulatus
624 583 761 648 interiit.
805 583 1068 668 periclitaremur
1089 583 1140 648 sub

131 679 300 738 tantorum
327 674 557 740 miraculorum
580 673 685 737 relatu
709 672 802 756 quasi
825 675 1039 756 praesumpta
1062 685 1160 736 men-⁶

131 762 233 827 tiendi
266 763 469 849 inpudentia,
505 761 569 826 nisi
607 760 712 826 adhuc
744 782 858 826 uocem
890 764 1042 826 nostram
1075 782 1141 826 con-

133 853 270 916 scientia
299 874 424 936 eorum,
457 851 511 935 qui
542 849 732 934 interfuere,
763 852 995 934 praesumeret
1043 850 1141 926 nullae

134 945 275 1026 aguntur
304 940 454 1024 insidiae,
486 939 576 1003 nulla
605 939 784 1024 corruptio;
816 938 1028 1023 septuaginta
1060 937 1143 1003 milia

134 1030 277 1094 hostium
300 1030 475 1093 uincuntur
497 1049 600 1112 paene
625 1028 692 1091 siue
715 1047 839 1112 pugna3
867 1026 954 1112 fugit
976 1027 1084 1092 uictus
1107 1025 1142 1091 ad

134 1122 276 1201 tempus,
306 1139 347 1182 nc
376 1117 448 1201 plus
479 1116 596 1181 audeat
623 1116 729 1181 uictor
757 1116 875 1201 iratus,
904 1119 1172 1200 aansporuuuru

134 1208 167 1269 in
192 1206 353 1271 diuersum
377 1205 498 1288 locum,
521 1208 559 1268 ut
581 1205 706 1268 nesciat
727 1204 831 1269 frater
854 1203 966 1286 occidi,
991 1227 1057 1289 quo
1081 1206 1142 1269 uin-

81 1294 259 1357 ludicatur
287 1293 401 1357 occiso.
448 1313 525 1356 sane
548 1292 635 1356 idem
657 1291 815 1358 Mascezel
840 1292 943 1357 elatus
967 1314 1078 1358 rerum
1102 1315 1143 1358 se·

133 1381 309 1446 cundarum
332 1380 521 1462 insolentia,
548 1379 738 1464 posthabito
762 1384 950 1446 sanctorum
973 1383 1143 1465 consortio,

133 1491 206 1533 cum
230 1468 345 1552 quibus
370 1471 465 1533 antea
488 1467 558 1534 Deo
582 1468 728 1534 militans
752 1469 890 1553 uicerat,
919 1469 1020 1534 ctiam
1049 1470 1142 1536 eccle·

133 1558 215 1622 siam
245 1561 402 1622 temerare
432 1580 530 1622 ausus
561 1562 611 1623 est
637 1562 735 1643 atque
763 1580 801 1622 ex
829 1580 868 1622 ea
895 1558 1055 1643 quosdam
1082 1569 1173 1624 noull

133 1646 296 1711 dubitauit
310 1647 488 1714 extrahere.
521 1650 631 1713 secuta
649 1650 699 1713 est
716 1667 821 1731 poena
840 1646 1045 1730 sacrilegum.
1072 1669 1144 1713 nam

134 1736 236 1800 isdem
266 1737 493 1820 superstitibus
522 1741 618 1822 atque
646 1735 893 1819 insultantibus,
921 1757 1002 1819 quos
1031 1737 1073 1801 ab
1101 1757 1143 1802 ec·

134 1826 232 1889 clesia
252 1826 292 1890 ad
310 1847 449 1910 poenam
468 1829 680 1909 protraxerat,
703 1827 779 1909 post
797 1825 1000 1909 aliquantum
1018 1827 1143 1909 tempus

134 1915 222 1978 solus
242 1915 311 1997 ipse
330 1914 463 1998 punitus
484 1919 535 1978 est
548 1914 765 1998 probauitque
778 1913 812 1976 in
826 1935 861 1978 se
874 1935 948 1996 uno,
968 1912 1009 1976 ad
1025 1917 1144 1979 utrum

135 2024 197 2085 que
217 2023 343 2086 semper
362 2002 509 2066 diuinum
527 2002 664 2088 uigilare
683 2002 845 2085 iudicium,
864 2001 994 2087 quando
1013 2007 1056 2086 et,
1075 2012 1176 2068 cum²⁰

134 2091 285 2172 sperauit,
308 2089 437 2153 adiutus
462 2092 503 2174 et,
526 2111 600 2154 cum
623 2090 828 2175 contempsit,
851 2091 975 2156 occisus
999 2093 1060 2157 est.

80 2181 114 2235 87
202 2175 339 2241 llnterea
366 2198 440 2241 cum
464 2200 483 2241 a
507 2177 690 2242 Theodosio
714 2181 910 2262 imperatore
932 2179 1061 2245 seniore
1084 2180 1145 2244 sin·
1160 2203 1177 2242 r·

133 2265 218 2348 gulis
243 2265 422 2348 potissimis
445 2265 609 2331 infantum
633 2288 710 2332 cura
732 2271 765 2330 et
788 2267 960 2354 disciplina
979 2269 1147 2357 utriusque

133 2353 248 2438 palatii
267 2355 440 2420 commissa
460 2359 554 2439 esset,
574 2355 637 2421 hoc
655 2358 706 2421 est
723 2354 839 2420 Rufino
859 2356 1028 2421 orientalis
1048 2359 1147 2440 aulae,

135 2442 284 2509 Stiliconi
294 2445 503 2511 occidentalis
514 2445 651 2529 imperii,
667 2445 744 2530 quid
757 2449 892 2529 uterque
902 2446 1014 2530 egerit,
1029 2446 1181 2530 quidueu

135 2555 231 2617 agere
255 2540 391 2600 conatus
415 2536 471 2620 sit,
499 2536 602 2600 exitus
625 2536 794 2619 utriusque
817 2534 940 2619 docuit,
967 2555 1042 2599 cum
1066 2535 1147 2600 alius

135 2623 206 2704 sibi,
230 2624 311 2688 alius
330 2624 399 2688 filio
418 2645 476 2689 suo
496 2624 651 2689 affectans
670 2625 780 2710 regale
797 2623 974 2710 fastigium,
996 2627 1034 2690 ut
1052 2624 1147 2689 rebus

134 2715 268 2791 repente
291 2713 431 2777 turbatis
454 2713 632 2778 necessitas
655 2713 851 2797 reipublicae
874 2713 980 2778 scelus
1005 2713 1147 2778 ambitus

97 2805 113 2853 2
133 2799 266 2877 tegeret,
290 2799 447 2863 barbaras
470 2803 584 2883 gentes
608 2800 662 2864 ille
684 2800 819 2883 inmisit,
841 2800 895 2864 hic
917 2801 1009 2868 fouit.
1054 2805 1146 2867 taceo

134 2882 172 2944 de
196 2882 326 2947 Alarico
355 2905 430 2968 rege
460 2908 532 2950 cum
557 2886 673 2952 Gothis
702 2887 768 2951 suis
797 2907 893 2970 saepe
921 2890 1023 2973 uicto,
1052 2911 1147 2976 saepe
1161 2905 1184 2946 ³⁰

134 2970 284 3034 concluso
310 2991 497 3055 semperque
522 2974 665 3039 dimisso.
702 2978 795 3045 taceo
814 2974 853 3038 de
871 2974 1058 3043 infelicibus
1081 2980 1147 3045 illis

135 3058 220 3143 apud
243 3057 436 3123 Pollentiam
459 3061 575 3144 gestis,
598 3082 671 3124 cum
694 3061 833 3128 barbaro
857 3067 890 3128 et
911 3086 1041 3151 pagano
1066 3054 1148 3152 duci,

134 3149 196 3213 hoc
225 3153 274 3214 est
302 3146 404 3233 Sauli,
431 3147 508 3211 belli
536 3169 664 3212 summa
692 3151 866 3216 commissa
893 3158 957 3238 est,
988 3155 1079 3220 cuius
1103 3158 1149 3222 in·

134 3239 297 3322 probitate
316 3235 571 3303 reuerentissimi
590 3235 657 3300 dies
681 3241 714 3302 et
737 3244 887 3306 sanctum
904 3242 1026 3327 pascha
1045 3245 1147 3310 uiola-

135 3331 205 3391 tum
216 3332 266 3392 est
274 3328 463 3413 cedentique
473 3326 564 3391 hosti
573 3328 708 3410 propter
715 3328 915 3415 religionem,
929 3334 967 3396 ut
974 3339 1147 3417 pugnaret,
1162 3349 1184 3392 u

135 3419 298 3482 extortum
317 3421 379 3484 est:
403 3438 474 3482 cum
494 3414 633 3501 quidem,
656 3416 846 3481 ostendente
864 3418 899 3480 iu
916 3418 1007 3483 breui
1026 3421 1146 3488 iudicio

134 3501 196 3565 Dei
225 3510 259 3569 et
286 3507 362 3590 quid
389 3507 484 3572 fauor
512 3506 579 3571 eius
595 3503 712 3588 'possit
734 3507 768 3569 et
790 3504 866 3589 quid
889 3506 971 3572 ultio
995 3507 1147 3594 exigeret,
