2370 3960
93 179 157 244 243
336 181 444 232 rrum
463 180 586 232 oaosn
603 151 855 232 maroamnvu

57 330 176 389 erunt.
221 324 361 406 probent
390 345 468 388 sane
496 324 596 387 etiam
623 323 720 389 inuiti
747 323 928 408 potentiam
952 322 1051 387 simul
1072 325 1104 387 et

91 414 295 477 clement-iam
319 412 393 494 Dei,
418 413 473 497 qui
497 410 691 478 Christianis
715 412 915 496 temporibus
939 411 1104 477 offendun-

89 506 154 564 tur:
184 505 305 585 quanta
333 500 499 565 celeritate
527 504 695 565 tantorum
718 500 865 565 incendia
888 499 1050 565 bellorum
1072 503 1105 565 et

90 591 230 653 excitata
250 592 327 654 sunt
345 594 378 654 et
396 611 553 674 repressa,
576 611 648 654 cum
667 593 701 653 et
720 593 817 653 antea
834 589 979 653 minimis
999 588 1104 653 causis

89 699 226 762 magnae
257 700 293 743 ae
325 679 495 744 diuturnae
519 677 625 742 clades
650 679 852 762 agitarentur
874 681 907 741 et
929 698 1016 742 nunc
1040 694 1129 741 mae

89 768 167 830 ximi
195 767 337 852 undique
367 770 598 850 concrepantes
626 787 821 851 magnorum
851 766 1012 830 malorum
1042 765 1105 830 fra·

55 870 71 918 5
92 877 185 941 geres
210 857 344 920 minimo
367 856 499 940 negotio
525 856 713 939 sopirentur.
750 856 816 918 iam
840 855 925 918 enim
949 857 1020 918 erat
1042 854 1105 919 Ro-

91 967 162 1008 mae
183 947 330 1029 quamuis
349 943 575 1028 persecutione
593 947 711 1008 uexata
729 942 886 1026 Ecclesia,
904 963 989 1028 quae
1007 942 1105 1008 iudici

92 1035 238 1098 omnium
262 1032 393 1098 Christo
417 1032 515 1097 etiam
536 1028 602 1116 lpro
625 1031 764 1096 inimicis
789 1034 821 1096 et
843 1031 1105 1115 persecutoribus
1122 1047 1183 1096 sne

56 1138 72 1185 e
92 1124 298 1207 supplicaret.
335 1121 435 1205 igitur
453 1120 540 1186 Otho
563 1143 645 1205 cum,
669 1118 775 1185 Galba
793 1123 826 1184 et
844 1119 962 1184 Pisone
981 1118 1105 1184 Romae
1120 1137 1143 1176 1⁰

90 1211 286 1294 interfectis,
319 1210 405 1274 inter
435 1210 595 1273 tumultus
628 1209 805 1292 caedesque
836 1207 1013 1272 inuasisset
1045 1208 1105 1272 im-

89 1300 215 1381 perium
244 1319 281 1362 ac
309 1319 385 1361 mox
413 1300 556 1361 creatum
583 1297 814 1380 imperatorem
843 1297 878 1360 in
906 1295 1015 1360 Galba
1047 1318 1105 1380 per

90 1387 300 1450 Germanicas
323 1385 469 1469 legiones
488 1382 659 1450 Vitellium
682 1386 892 1469 conperisset,
914 1385 1038 1449 bellurn
1062 1386 1104 1450 ci-

90 1476 156 1538 uile
180 1474 315 1539 molitus
338 1474 443 1538 tribus
471 1474 612 1557 primum
640 1473 766 1538 leuibus
794 1473 942 1557 proeliis,
964 1472 1027 1538 hoe
1056 1477 1105 1539 est

89 1586 154 1627 uno
183 1563 267 1646 apud
296 1563 411 1647 Alpes,
444 1562 508 1627 alio
537 1563 622 1627 circa
649 1562 864 1644 Placentiam,
891 1562 991 1627 tertio
1019 1562 1107 1627 circa
1120 1576 1143 1618 1⁵

90 1653 206 1736 locum,
230 1675 325 1738 quem
344 1649 496 1717 Castores
514 1655 643 1735 uocant,
666 1655 781 1716 contra
794 1650 988 1716 Vitellianos
1009 1650 1105 1715 duces

91 1763 283 1826 congressus
302 1742 407 1806 uictor
430 1741 622 1823 exstitisset,
651 1745 766 1824 quarto
797 1738 882 1823 apud
911 1738 1105 1803 Bedriacum

92 1831 215 1915 proelio
236 1853 308 1895 cum
332 1830 616 1894 animaduertisset
638 1851 713 1893 suos
741 1829 841 1910 uinci,
868 1848 977 1892 mense
1004 1828 1104 1892 tertio

59 1933 73 1980 τ
95 1942 191 2002 quam
206 1921 366 2003 imperare
379 1922 530 2002 coeperat
544 1939 614 1986 sese
631 1916 802 1982 interfecit.
829 1914 981 1981 Vitellius
999 1917 1105 1981 uictor

90 2008 229 2072 Romam
256 2007 362 2071 uenit:
394 2007 449 2070 ubi
478 2029 550 2070 cum
574 2007 677 2072 multa
701 2005 873 2070 crudeliter
896 2026 933 2070 ac
955 2006 1143 2088 nequiterao

92 2099 209 2178 ageret,
233 2094 416 2159 incredibili
435 2094 535 2158 etiam
553 2093 741 2158 uoracitatis
762 2094 909 2178 appetitu
926 2093 1104 2159 humanam
1164 2142 1167 2146 .

89 2185 191 2245 uitam
221 2183 348 2265 probris
379 2178 595 2266 adgraluaret,
627 2185 801 2266 postquam
830 2182 869 2246 de
899 2181 1104 2266 Vespasiano
1122 2209 1142 2248 r.
1156 2206 1180 2246 rr

90 2272 255 2355 comperit,
278 2271 420 2355 primum
444 2270 602 2354 deponere
625 2270 757 2335 molitus
780 2270 961 2355 imperium,
984 2274 1061 2355 post
1085 2293 1105 2334 a

91 2360 284 2442 quibusdam
299 2360 460 2424 animatus
476 2358 633 2424 Sabinum
647 2358 843 2444 Vespasiani
856 2359 1000 2444 fratrem,
1019 2358 1104 2424 nihil

90 2453 160 2513 tum
184 2449 263 2514 mali
287 2449 513 2533 suspicantem,
537 2471 611 2514 cum
634 2449 750 2514 ceteris
770 2448 937 2514 Flauianis
954 2448 990 2512 in
1008 2445 1104 2532 Capi·
1118 2465 1143 2507 as

91 2539 209 2603 tolium
237 2539 394 2623 compulit
422 2559 640 2622 succensoque
666 2539 788 2622 templo
818 2540 852 2602 et
878 2537 982 2603 mixta
1006 2536 1104 2601 simul

91 2628 222 2692 flamma
245 2628 403 2711 ruinaque
428 2649 539 2693 omnes
563 2628 599 2691 in
617 2649 719 2692 unum
736 2625 859 2711 pariter
877 2625 1046 2690 interitum
1066 2647 1104 2690 ac

55 2717 252 2779 8tumulum
276 2716 372 2780 dedit.
417 2719 493 2798 post
516 2715 684 2802 deficiente
706 2716 741 2778 in
765 2713 958 2796 Vespasiani
982 2720 1107 2776 nomen

91 2804 230 2865 exercitu
250 2824 309 2865 suo
334 2803 508 2867 destitutus
532 2801 933 2887 adpropinquantibusque
954 2799 1020 2861 iam
1043 2799 1103 2862 ho-

92 2889 195 2952 stibus
214 2888 359 2970 trepidus
379 2911 450 2953 cum
472 2911 505 2954 se
528 2892 563 2953 in
587 2890 750 2972 quandam
773 2885 954 2971 proximam
974 2884 1101 2951 Palatio
1117 2910 1146 2949 eo

91 2977 240 3042 cellulam
264 2977 488 3058 contrusisset,
512 2976 698 3060 turpissime
721 2973 795 3062 inde
818 2976 1005 3056 protractus
1029 2995 1102 3040 cum

91 3089 148 3150 per
172 3067 259 3130 uiam
283 3062 414 3128 Sacram
437 3064 542 3128 nudus
567 3063 749 3146 duceretur,
776 3063 898 3147 passim
926 3064 1039 3128 fimum
1067 3065 1102 3129 in

92 3178 127 3220 os
147 3155 214 3219 eius
234 3152 488 3218 coniectantibus
507 3151 541 3215 in
560 3151 667 3216 forum
686 3151 850 3236 deductus,
869 3157 985 3220 octauo
1005 3176 1102 3238 quarn

91 3267 226 3330 regnum
255 3243 516 3328 praesumpserat
545 3237 662 3305 lmense
678 3240 773 3325 ,apud
797 3241 971 3309 Gemonias
996 3243 1100 3309 scalas
1119 3275 1141 3312 o.
1155 3268 1181 3308 rr

91 3334 380 3397 minutissimorum
401 3330 524 3398 ictuum
541 3329 662 3394 crebris
679 3332 972 3416 conpunctionibus
994 3353 1102 3396 excar-
1116 3353 1143 3394 aa

90 3423 239 3487 nificatus
262 3427 357 3507 atque
379 3419 453 3484 inde
475 3440 558 3483 unco
581 3420 705 3483 tractus
730 3422 820 3485 etin
844 3418 997 3485 Tilberim
1020 3440 1101 3482 mer·
1120 3451 1142 3490 p.
1156 3444 1184 3484 aa

56 3523 146 3572 9sus
178 3511 276 3575 etiam
307 3509 468 3575 communi
498 3506 602 3573 caruit
632 3509 807 3591 sepultura.
853 3508 964 3572 multis
993 3510 1102 3572 autem
