2370 3960
377 169 554 223 CAPITVLA
570 170 638 223 ΗΒ.
657 171 757 225 I-III.
1006 168 1072 234 305

125 310 160 366 X.
177 309 320 364 'Potestas
339 309 485 363 consulum
504 308 671 364 decemuiris
689 309 812 365 traditur
830 311 860 364 et
877 310 937 367 lilia
955 314 1069 381 epatre

47 384 102 455 pio
120 380 266 451 parricida
284 380 479 450 prosternitur.
509 381 555 451 [13
570 387 585 446 5
601 383 633 505 q

126 452 173 507 XI.
204 451 302 506 Crebri
326 454 419 507 terrae
443 454 537 505 motus
563 452 594 505 in
633 451 705 506 talia
730 454 759 506 et
784 451 897 508 siccitas
925 453 1069 509 immensa.

51 527 65 597 [
126 525 188 651 XII.
217 593 259 648 De
282 592 397 647 Siciliae
420 593 561 663 tyrannis,
585 592 635 662 qui
657 593 803 649 hominum
827 594 957 649 carnibus
977 613 1071 651 uesce-

49 667 167 722 bantur.
197 664 318 736 [1411]

125 736 200 790 XIII.
228 734 377 790 Discordia
396 735 510 789 Siciliae
529 737 558 790 et
576 735 731 792 conflictus.
761 738 808 807 [14
823 743 838 803 5
852 740 880 806 4]

126 806 215 862 XIIII.
245 806 344 887 Pugna
370 804 586 860 Atheniensium
615 808 645 861 et
671 806 787 878 Gylippi
819 806 1071 877 auxiliatorumque

52 879 198 947 utrimque
218 877 373 932 conflictus.
416 878 538 949 14512]

126 950 187 1004 XV.
218 948 283 1003 Otio
307 947 400 1002 discor
423 947 465 1001 'ae
488 950 648 1004 nascuntur.
687 949 871 1004 Athenienses
893 967 982 1019 paene
1008 968 1072 1004 con-

55 1023 214 1076 sumuntur.
251 1019 353 1073 Darius
370 1019 496 1074 moritur.
530 1019 565 1073 ab
584 1019 804 1075 Atheniensibus
824 1021 981 1075 discordiae
1000 1022 1072 1075 anti-

56 1108 130 1161 quae
150 1089 291 1146 obliuioni
309 1089 465 1144 traduntur.
495 1091 614 1162 [1651]

127 1162 202 1301 thl.
230 1159 296 1215 Filii
314 1161 393 1215 Darii
416 1160 451 1215 de
473 1177 562 1231 regno
587 1163 726 1215 certantes
749 1162 871 1216 inuicem
894 1167 1071 1221 concurrunt.

57 1235 71 1307 I
128 1303 216 1359 XVII.
244 1303 286 1356 De
309 1306 400 1358 terrae
423 1305 504 1357 motu
526 1303 556 1356 in
580 1301 677 1357 Sicilia
700 1306 729 1358 et
752 1306 861 1359 Aetnae
878 1306 983 1360 montis
1002 1307 1074 1376 igni-

56 1377 118 1432 bus.
146 1376 157 1439 t
161 1380 194 1429 18
209 1380 255 1440 56
664 1433 667 1439 ,

127 1444 228 1500 XVIII.
256 1375 333 1499 itali
355 1444 474 1499 Romam
498 1445 708 1515 depopulantur
731 1448 760 1500 et
786 1445 953 1517 incendunt,
982 1448 1074 1518 primo

57 1517 214 1586 Clusinum,
234 1533 305 1584 quae
324 1515 428 1570 Tuscia
446 1514 559 1585 dicitur,
578 1516 747 1571 obsidentes.
778 1517 896 1589 [1951]

386 1660 563 1711 CAPITVLA
580 1661 679 1710 LIBRI
696 1661 745 1712 111.

139 1764 160 1818 I.
189 1762 333 1818 Praefatio
351 1763 418 1817 libri
435 1763 521 1818 tertii.
553 1763 726 1835 [praei51]

130 1835 165 1890 II.
190 1834 360 1889 Artaxerxes
373 1851 473 1903 pacem
487 1833 622 1889 Graeciae
641 1833 750 1890 indicit.
778 1834 995 1890 Lacedaemonii
1012 1837 1074 1890 toto

60 1906 166 1962 orienti
183 1905 262 1960 bella
279 1908 395 1959 mouent
414 1907 443 1959 et
457 1906 492 1959 de
505 1905 656 1975 Iphicratis
672 1905 751 1960 ducis
766 1906 964 1961 adolescentia.
987 1908 1075 1978 [151]

131 1977 180 2032 Ill.
210 1976 295 2031 Senes
310 1978 422 2032 eentum
435 1975 596 2044 quindecim
606 1976 687 2031 milia
696 1977 834 2032 sustinent
842 1976 974 2032 hostium.
1002 1979 1075 2046 Epa-

61 2048 212 2102 minondas
231 2047 288 2101 dux
306 2050 416 2102 scutum
435 2047 566 2102 osculans
585 2048 711 2102 moritur.
740 2050 859 2121 [1525]

131 2118 192 2175 ΙΙΠ.
213 2118 447 2173 Commemoratio
457 2118 585 2188 gentium
595 2119 761 2173 altrinsecus
769 2122 978 2174 commotarum.
991 2121 1075 2193 [259]

130 2189 166 2244 V.
194 2189 273 2242 Duae
301 2189 433 2244 ciuitates
452 2189 578 2244 Achaiae
606 2193 698 2244 terrae
727 2192 877 2246 absorbtae
904 2193 977 2247 sunt.
1010 2191 1076 2244 urbs

64 2259 326 2331 Constantinopolis
341 2260 376 2314 de
390 2260 503 2314 flamma
518 2260 635 2314 caelesti
655 2261 829 2316 orationibus
847 2262 992 2317 liberatur.
1021 2263 1077 2316 lto-

61 2330 140 2387 mani
157 2330 288 2385 inimicos
308 2330 469 2385 deuincunt.
500 2333 601 2402 [351]

133 2402 181 2456 VI.
210 2401 332 2457 Grandis
351 2402 427 2472 apud
440 2402 582 2456 Romanos
600 2402 772 2472 pestilentia,
793 2404 870 2457 etin
886 2404 980 2458 medio
999 2404 1076 2457 urbis

62 2476 139 2529 terra
158 2475 258 2543 aperte
276 2475 327 2528 est.
357 2474 386 2544 [4
401 2479 416 2539 5
432 2474 459 2544 1]
939 2522 942 2527 .

132 2544 194 2599 VII.
222 2544 363 2598 Proelium
380 2543 526 2598 Gallorum
544 2547 642 2598 contra
660 2544 809 2598 Romanos.
837 2542 884 2597 hie
898 2544 932 2597 de
947 2543 1076 2612 Coruino,

63 2616 143 2671 cuius
160 2613 331 2669 Prudentius
349 2614 479 2669 meminit
496 2614 632 2670 inuenies.
661 2616 689 2685 [6
704 2621 718 2680 5
734 2614 760 2685 1]

134 2685 208 2741 VIII
237 2685 510 2755 Noxadplurimam
524 2685 582 2739 diei
590 2688 701 2755 partem
710 2685 844 2739 tenditur.
876 2701 961 2739 saxea
969 2686 1077 2754 grando

65 2756 219 2812 descendit.
256 2756 418 2812 Alexander
435 2757 568 2812 nascitur.
592 2758 626 2881 [7
641 2762 656 2822 5
673 2757 699 2828 1]

136 2827 224 2882 VIIII.
253 2829 422 2882 Artaxerxes
440 2828 591 2882 Iudaeosa
625 2827 758 2896 Caspium
771 2843 847 2881 mare
862 2827 1016 2897 delegauit,
1031 2828 1080 2896 qui

66 2897 219 2967 aliquando
237 2897 304 2953 inde
323 2900 450 2968 erupturi
468 2900 623 2954 ereduntur.
656 2899 684 2979 [7
699 2906 713 2964 5
729 2899 779 3023 bh
925 2968 930 2979 .

134 2969 168 3024 A
197 2969 308 3024 Bellum
323 2971 514 3024 Romanorum
527 2988 591 3025 cum
604 2969 720 3025 Latinis.
780 2969 872 3023 anlius
891 2969 980 3022 fihum
1000 2988 1080 3023 suum

65 3038 238 3109 Torquatum
258 3039 370 3096 occidit.
401 3042 429 3112 [9
446 3048 461 3108 5
479 3043 506 3113 1]

135 3110 182 3167 XL
211 3110 336 3166 Minucia
359 3111 426 3166 uiua
449 3113 584 3167 obruitur.
618 3114 764 3166 matronae
787 3127 896 3165 uenena
915 3127 965 3163 sua
983 3110 1079 3163 bibere

65 3182 280 3253 compelluntur.
310 3184 338 3255 [9
353 3189 368 3249 5
382 3184 410 3254 ὅ]

136 3253 196 3309 XII
222 3253 383 3308 Alexander
409 3254 589 3323 Epirotarum
616 3271 665 3308 rex
693 3271 711 3308 a
736 3251 908 3307 Samnitibus
934 3250 1079 3305 occiditur.

67 3323 114 3395 [u
128 3326 210 3451 §xiil
238 3394 367 3450 Historia
388 3395 513 3466 Philippi
535 3395 625 3466 patris
648 3391 802 3448 Alexandri
823 3391 929 3461 Magni.
959 3344 1036 3462 [125
1069 3391 1081 3460 ]

137 3466 226 3521 XIIII.
254 3466 297 3521 De
316 3467 460 3537 Byzantio.
490 3468 610 3539 [1351]

137 3534 198 3592 XV.
226 3537 339 3593 Bellum
356 3537 482 3619 lffhilippi
500 3555 563 3592 eum
582 3535 808 3592 Atheniensibus.
837 3538 882 3604 [19
898 3539 913 3599 5
928 3535 957 3605 9]

120 3634 224 3679 Oneum
239 3646 279 3679 11.
294 3638 489 3680 111111111111,
889 3628 924 3679 20
