2370 3960
131 183 196 247 266
374 183 483 237 PAVLI
501 181 625 233 oaosn
641 180 892 232 HISTORIARVM

132 328 240 391 oribus
264 326 299 389 in
322 325 556 409 rempublicam
581 324 765 389 substitutis
788 323 852 407 ipsi
870 323 905 387 in
924 323 1056 406 priuato
1081 323 1142 388 otio

132 416 409 479 consenescerent.
446 413 557 496 itaque
580 413 641 477 sub
664 435 729 478 una
748 412 799 476 dic
818 409 1045 477 Diocletianus
1066 411 1144 496 apud

131 502 365 586 Nicomediam,
388 498 613 566 Maximianus
638 501 723 586 apud
745 499 981 565 Mediolanium
1005 503 1185 584 potesta-i·

132 596 200 655 tem
225 592 354 676 imperii
378 591 474 656 simul
497 590 683 674 cultumque
706 590 934 673 deposuerunt.

79 694 111 741 15
199 679 349 744 Galerius
378 683 411 744 et
439 677 649 743 Constantius
673 677 814 762 Augusti
841 677 938 761 primi
961 676 1176 741 Romanama

130 770 302 852 imperium
329 768 365 832 in
392 767 472 832 duas
500 771 608 852 partes
642 767 835 832 diuiserunt:
869 764 1021 830 Galerius
1048 765 1146 831 Maxi-

131 859 259 922 mianus
279 857 445 940 Illyricum
465 856 579 920 Asiam
604 860 636 920 et
659 857 826 938 orientem,
851 851 1067 919 Constantius
1086 853 1146 918 Ita-

131 947 209 1011 liam
232 946 378 1011 Africam
401 948 434 1009 et
458 943 581 1010 Gallias
605 945 761 1026 obtinuit3
785 942 841 1008 sed
860 942 1077 1009 Constantius
1098 943 1147 1006 uir

132 1035 434 1119 tranquillissimus,
457 1032 564 1098 Gallia
586 1036 715 1098 tantum
740 1031 992 1116 [Hispaniaque]
1018 1035 1147 1097 conten-

80 1138 113 1184 16
133 1128 196 1207 tus,
216 1123 348 1188 Galerio
367 1122 481 1187 ceteris
499 1122 646 1206 partibus
666 1121 771 1187 cessit.
804 1119 950 1185 Galerius
970 1119 1052 1184 duos
1072 1118 1148 1185 Cae·
1160 1140 1180 1178 a

134 1234 222 1275 sares
250 1211 345 1294 legit:
373 1210 600 1293 Maximinum,
628 1232 723 1295 quem
752 1209 787 1273 in
815 1209 939 1274 oriente
969 1209 1149 1294 constituit,

133 1304 166 1363 et
185 1298 348 1376 Seuerum,
372 1299 423 1362 cui
441 1298 590 1381 permisit
612 1297 751 1376 Italiam,
775 1299 845 1382 ipse
868 1298 904 1361 in
922 1296 1058 1380 Illyrico
1077 1318 1149 1365 con-

133 1388 276 1450 stitutus.
323 1384 533 1449 Constantius
566 1406 644 1451 uero
678 1386 847 1470 Augustus
880 1406 1028 1459 summae
1060 1407 1149 1450 mau-

133 1474 312 1539 suetudinis
346 1478 379 1538 et
409 1473 579 1539 ciuilitatis
611 1475 646 1539 in
678 1473 849 1539 Britannia
881 1478 1021 1539 mortem
1059 1475 1149 1539 obiit.

133 1563 188 1645 qui
208 1561 457 1628 Constantinum
481 1562 583 1628 filium
603 1585 642 1629 ex
660 1563 841 1629 concubina
859 1561 985 1627 Helena
1003 1565 1148 1629 creatum
1163 1580 1184 1621 1⁵

78 1748 118 1802 26
132 1650 749 1807 ImplediiridffldbGdiiiearddiidritedlqdiinr
772 1738 1008 1805 Constantinus
1032 1739 1150 1804 triccn-
1163 1770 1182 1808 a

135 1831 235 1894 simus
260 1834 393 1915 quartus
418 1830 636 1919 gubernacula
659 1829 787 1914 imperii
806 1851 825 1893 a
844 1827 1038 1894 Constantio
1056 1832 1150 1912 patre

136 1920 285 2003 suscepit,
309 1941 390 2004 quae
414 1940 477 1982 uno
502 1922 535 1982 et
557 1918 695 2004 triginta
719 1919 812 1982 annis
830 1915 1016 1981 felicissime
1036 1918 1151 1982 tenuit.

101 2021 116 2067 a
204 2006 375 2071 Occuritur
401 2006 482 2070 mihi
511 2007 619 2072 subito
649 2011 682 2072 et
708 2005 858 2090 tripudiis
882 2005 1079 2090 quibusdam
1102 2006 1151 2070 in·
1168 2032 1184 2059 ·ι

135 2097 287 2159 saltatur:
311 2095 382 2172 Eia,
404 2095 565 2178 inquiunt,
588 2096 720 2159 tandem
745 2096 780 2158 in
798 2094 911 2159 foueas
930 2095 1070 2178 nostras,
1094 2094 1151 2160 diu

135 2187 310 2265 expectate,
343 2183 472 2247 uenisti.
518 2182 573 2247 hic
595 2187 628 2246 te
651 2183 861 2247 decursurum
891 2183 1155 2266 opperiebamur,

133 2271 187 2333 hic
225 2269 394 2353 delapsum
431 2271 661 2355 opprimimus,
697 2271 750 2336 hic
787 2271 957 2354 confusum
993 2274 1150 2337 tenemus.

135 2360 345 2424 sustinuimus
378 2364 410 2424 te
442 2360 609 2443 haetenus,
641 2361 815 2425 artificiose
848 2359 1085 2444 quodammodo
1119 2365 1152 2424 et

135 2449 251 2513 callide
279 2449 432 2515 fortuitas
461 2453 646 2534 temporum
669 2450 864 2515 mutationes
888 2447 1185 2514 Christianorum

102 2539 316 2604 cultionibus
336 2543 552 2624 coaptantem.
597 2543 630 2604 et
653 2539 815 2604 interdum
840 2537 968 2622 quidem
991 2536 1150 2601 uerisimi-

134 2626 214 2691 lium
236 2629 341 2712 specie
360 2630 509 2713 permoti,
532 2634 646 2714 utpote
664 2628 812 2696 homines
836 2625 942 2712 ignari
965 2625 1150 2690 diuinorum

135 2719 341 2800 secretorum,
358 2718 476 2782 timore
490 2719 673 2801 palluimus,
693 2717 748 2781 sed
762 2737 848 2781 nuno
862 2714 1033 2780 euacuauit
1046 2712 1149 2778 Maxi-

133 2802 261 2865 mianus
275 2808 386 2868 noster
401 2827 529 2869 omnem
544 2826 695 2870 scaenam
712 2804 843 2869 fabulae
861 2807 936 2866 tuac
955 2800 1149 2887 nostraeque

106 2940 111 2950 ,
134 2889 301 2972 religionis
331 2893 558 2974 antiquitatem
589 2895 738 2958 columna
766 2892 1026 2977 inexpugnabilis
1048 2891 1149 2957 fulsit.
1164 2912 1185 2952 a·

101 2990 194 3060 4per
223 2998 326 3041 annos
355 2978 465 3042 decem
494 3001 626 3044 euersae
654 2984 731 3044 sunt
759 2980 913 3044 ecclesiae
940 2983 1083 3065 uestrae,
1112 2983 1150 3045 ut

136 3066 234 3130 etiam
252 3069 289 3130 tu
312 3065 438 3151 fateris;
462 3066 629 3132 dilacerati
652 3067 864 3151 cruciatibus,
888 3069 1044 3134 exinaniti
1065 3091 1149 3134 mor-

134 3156 222 3220 tibus
247 3157 317 3222 toto
342 3154 419 3220 orbe
443 3153 631 3220 Christiani.
672 3159 821 3221 tenemus
849 3157 981 3223 euidens
1004 3159 1149 3223 testimo·

135 3245 226 3309 nium
258 3248 363 3330 tuum,
395 3245 519 3309 nullam
553 3245 752 3327 superiorem
781 3246 1040 3330 persecutionem
1070 3248 1150 3312 adeo

100 3344 116 3391 5
137 3335 187 3398 uel
211 3357 345 3420 grauem
367 3334 421 3399 uel
440 3334 626 3397 diuturnam
644 3332 754 3398 fuisse.
793 3340 826 3399 et
844 3339 1045 3400 tamen-ecce
1064 3335 1151 3399 inter
1164 3355 1185 3394 a·

135 3420 410 3506 tranquillissima
437 3427 619 3506 temporum
648 3422 735 3487 bona
761 3423 906 3508 ipsorum
933 3442 1060 3507 quoque
1087 3422 1178 3490 im-1>

135 3515 332 3596 paratorum,
357 3513 411 3597 qui
436 3513 500 3577 ista
522 3512 677 3593 fecerunt,
700 3511 859 3577 inusitata
881 3510 1034 3575 felicitas:
1056 3509 1149 3574 nulla
