<?xml version="1.0" encoding="UTF-8"?>
<!DOCTYPE html PUBLIC "-//W3C//DTD XHTML 1.0 Transitional//EN"
    "http://www.w3.org/TR/xhtml1/DTD/xhtml1-transitional.dtd">
<html xmlns="http://www.w3.org/1999/xhtml" xml:lang="en" lang="en">
 <head>
  <title>
</title>
<meta http-equiv="Content-Type" content="text/html;charset=utf-8" />
  <meta name='ocr-system' content='tesseract 3.04.00' />
  <meta name='ocr-capabilities' content='ocr_page ocr_carea ocr_par ocr_line ocrx_word'/>
</head>
<body>
  <div class='ocr_page' id='page_1' title='image "./pavliorosiihist00orosgoog_0245.png"; bbox 0 0 2370 3960; ppageno 0'>
   <div class='ocr_carea' id='block_1_1' title="bbox 94 174 854 242">
    <p class='ocr_par' dir='ltr' id='par_1_1' title="bbox 94 174 854 242">
     <span class='ocr_line' id='line_1_1' title="bbox 94 174 854 242; baseline -0.009 -9"><span class='ocrx_word' id='word_1_1' title='bbox 94 178 160 242; x_wconf 78' lang='lat'>230</span> <span class='ocrx_word' id='word_1_2' title='bbox 341 177 448 228; x_wconf 85' lang='lat' dir='ltr'>PAVLI</span> <span class='ocrx_word' id='word_1_3' title='bbox 467 175 589 227; x_wconf 80' lang='lat' dir='ltr'>OROSII</span> <span class='ocrx_word' id='word_1_4' title='bbox 606 174 854 229; x_wconf 82' lang='lat' dir='ltr'>HISTORIARVM</span> 
     </span>
    </p>
   </div>
   <div class='ocr_carea' id='block_1_2' title="bbox 33 316 1182 3580">
    <p class='ocr_par' dir='ltr' id='par_1_2' title="bbox 94 316 1111 494">
     <span class='ocr_line' id='line_1_2' title="bbox 94 316 1111 407; baseline -0.004 -21"><span class='ocrx_word' id='word_1_5' title='bbox 94 325 251 407; x_wconf 90' lang='lat' dir='ltr'>uagantes</span> <span class='ocrx_word' id='word_1_6' title='bbox 272 317 391 385; x_wconf 74' lang='lat' dir='ltr'>Cossus</span> <span class='ocrx_word' id='word_1_7' title='bbox 410 318 475 383; x_wconf 88' lang='lat' dir='ltr'>dux</span> <span class='ocrx_word' id='word_1_8' title='bbox 494 316 643 384; x_wconf 81' lang='lat' dir='ltr'><strong>Caesaris</strong></span> <span class='ocrx_word' id='word_1_9' title='bbox 662 319 777 383; x_wconf 86' lang='lat' dir='ltr'>artatis</span> <span class='ocrx_word' id='word_1_10' title='bbox 801 318 921 383; x_wconf 88' lang='lat' dir='ltr'>finibus</span> <span class='ocrx_word' id='word_1_11' title='bbox 946 317 1111 383; x_wconf 77' lang='lat' dir='ltr'><strong>cohercuit</strong></span> 
     </span>
     <span class='ocr_line' id='line_1_3' title="bbox 94 398 1111 494; baseline 0 -21"><span class='ocrx_word' id='word_1_12' title='bbox 94 415 190 494; x_wconf 89' lang='lat' dir='ltr'>atque</span> <span class='ocrx_word' id='word_1_13' title='bbox 221 432 239 472; x_wconf 91' lang='lat' dir='ltr'>a</span> <span class='ocrx_word' id='word_1_14' title='bbox 268 398 426 473; x_wconf 73' lang='lat' dir='ltr'>Romanis</span> <span class='ocrx_word' id='word_1_15' title='bbox 455 407 615 473; x_wconf 89' lang='lat' dir='ltr'>limitibus</span> <span class='ocrx_word' id='word_1_16' title='bbox 644 407 807 471; x_wconf 87' lang='lat' dir='ltr'>abstinere</span> <span class='ocrx_word' id='word_1_17' title='bbox 835 411 925 471; x_wconf 89' lang='lat' dir='ltr'>metu</span> <span class='ocrx_word' id='word_1_18' title='bbox 955 407 1111 490; x_wconf 76' lang='lat' dir='ltr'><strong>conpulit.</strong></span> 
     </span>
    </p>

    <p class='ocr_par' dir='ltr' id='par_1_3' title="bbox 33 494 1146 847">
     <span class='ocr_line' id='line_1_4' title="bbox 33 494 1111 580; baseline 0.003 -23"><span class='ocrx_word' id='word_1_19' title='bbox 33 511 74 568; x_wconf 81' lang='grc' dir='ltr'>Ι19</span> <span class='ocrx_word' id='word_1_20' title='bbox 161 496 215 560; x_wconf 92' lang='grc'>122</span> <span class='ocrx_word' id='word_1_21' title='bbox 201 500 289 561; x_wconf 85' lang='grc'>22122</span> <span class='ocrx_word' id='word_1_22' title='bbox 313 495 486 562; x_wconf 81' lang='lat' dir='ltr'>Gaesarem</span> <span class='ocrx_word' id='word_1_23' title='bbox 514 496 600 580; x_wconf 87' lang='lat' dir='ltr'>apud</span> <span class='ocrx_word' id='word_1_24' title='bbox 622 495 839 562; x_wconf 76' lang='lat' dir='ltr'>Tarraconem</span> <span class='ocrx_word' id='word_1_25' title='bbox 870 495 1032 560; x_wconf 73' lang='lat' dir='ltr'>citerioris</span> <span class='ocrx_word' id='word_1_26' title='bbox 1056 494 1111 560; x_wconf 91' lang='lat' dir='ltr'>Hi·</span> 
     </span>
     <span class='ocr_line' id='line_1_5' title="bbox 95 583 1112 670; baseline -0.002 -20"><span class='ocrx_word' id='word_1_27' title='bbox 95 587 227 670; x_wconf 87' lang='lat' dir='ltr'>spaniae</span> <span class='ocrx_word' id='word_1_28' title='bbox 246 585 358 655; x_wconf 90' lang='lat' dir='ltr'>urbem</span> <span class='ocrx_word' id='word_1_29' title='bbox 378 586 477 670; x_wconf 82' lang='lat' dir='ltr'>legat&#39;</span> <span class='ocrx_word' id='word_1_30' title='bbox 468 609 480 650; x_wconf 92' lang='lat'>1</span> <span class='ocrx_word' id='word_1_31' title='bbox 453 584 650 650; x_wconf 91' lang='lat' dir='ltr'>tIndorum</span> <span class='ocrx_word' id='word_1_32' title='bbox 670 588 703 648; x_wconf 89' lang='lat' dir='ltr'>et</span> <span class='ocrx_word' id='word_1_33' title='bbox 722 583 916 668; x_wconf 75' lang='lat' dir='ltr'>Scytharum</span> <span class='ocrx_word' id='word_1_34' title='bbox 942 586 1016 649; x_wconf 86' lang='lat' dir='ltr'>toto</span> <span class='ocrx_word' id='word_1_35' title='bbox 1037 586 1112 650; x_wconf 89' lang='lat' dir='ltr'>orbe</span> 
     </span>
     <span class='ocr_line' id='line_1_6' title="bbox 96 672 1146 756; baseline 0 -19"><span class='ocrx_word' id='word_1_36' title='bbox 96 675 289 739; x_wconf 85' lang='lat' dir='ltr'>transmisso</span> <span class='ocrx_word' id='word_1_37' title='bbox 322 674 453 739; x_wconf 83' lang='lat' dir='ltr'>tandem</span> <span class='ocrx_word' id='word_1_38' title='bbox 485 674 530 737; x_wconf 93' lang='lat' dir='ltr'>ibi</span> <span class='ocrx_word' id='word_1_39' title='bbox 562 674 769 755; x_wconf 86' lang='lat' dir='ltr'>inuenerunt,</span> <span class='ocrx_word' id='word_1_40' title='bbox 805 673 893 737; x_wconf 90' lang='lat' dir='ltr'>ultra</span> <span class='ocrx_word' id='word_1_41' title='bbox 927 672 1015 756; x_wconf 92' lang='lat' dir='ltr'>quod</span> <span class='ocrx_word' id='word_1_42' title='bbox 1047 673 1146 737; x_wconf 77' lang='lat' dir='ltr'>iam⁵</span> 
     </span>
     <span class='ocr_line' id='line_1_7' title="bbox 97 723 1111 913; baseline 0 -87"><span class='ocrx_word' id='word_1_43' title='bbox 97 785 251 846; x_wconf 82' lang='lat' dir='ltr'>quaerere</span> <span class='ocrx_word' id='word_1_44' title='bbox 288 785 354 828; x_wconf 91' lang='lat' dir='ltr'>non</span> <span class='ocrx_word' id='word_1_45' title='bbox 390 764 539 847; x_wconf 87' lang='lat' dir='ltr'>possent,</span> <span class='ocrx_word' id='word_1_46' title='bbox 580 723 876 913; x_wconf 57' lang='lat' dir='ltr'>refuderuntquet&#39;</span> <span class='ocrx_word' id='word_1_47' title='bbox 867 783 901 825; x_wconf 91' lang='lat' dir='ltr'>m</span> <span class='ocrx_word' id='word_1_48' title='bbox 939 759 1111 827; x_wconf 76' lang='lat' dir='ltr'>Caesarem</span> 
     </span>
    </p>

    <p class='ocr_par' dir='ltr' id='par_1_4' title="bbox 42 849 1150 1200">
     <span class='ocr_line' id='line_1_8' title="bbox 42 849 1112 936; baseline 0.004 -24"><span class='ocrx_word' id='word_1_49' title='bbox 42 865 75 913; x_wconf 91' lang='grc'>22</span> <span class='ocrx_word' id='word_1_50' title='bbox 96 852 270 916; x_wconf 87' lang='lat' dir='ltr'>Alexandri</span> <span class='ocrx_word' id='word_1_51' title='bbox 302 851 415 936; x_wconf 84' lang='lat' dir='ltr'>Magni</span> <span class='ocrx_word' id='word_1_52' title='bbox 453 850 605 936; x_wconf 81' lang='lat' dir='ltr'>gloriam:</span> <span class='ocrx_word' id='word_1_53' title='bbox 644 870 739 934; x_wconf 90' lang='lat' dir='ltr'>quem</span> <span class='ocrx_word' id='word_1_54' title='bbox 771 851 855 916; x_wconf 87' lang='grc'>21222</span> <span class='ocrx_word' id='word_1_55' title='bbox 887 849 1112 934; x_wconf 86' lang='lat' dir='ltr'>Hispanorum</span> 
     </span>
     <span class='ocr_line' id='line_1_9' title="bbox 95 938 1113 1024; baseline 0.001 -20"><span class='ocrx_word' id='word_1_56' title='bbox 95 939 326 1023; x_wconf 80' lang='lat' dir='ltr'>Gallorumque</span> <span class='ocrx_word' id='word_1_57' title='bbox 353 940 475 1024; x_wconf 87' lang='lat' dir='ltr'>legatio</span> <span class='ocrx_word' id='word_1_58' title='bbox 503 939 536 1002; x_wconf 89' lang='grc'>12</span> <span class='ocrx_word' id='word_1_59' title='bbox 564 938 670 1004; x_wconf 91' lang='lat' dir='ltr'>medio</span> <span class='ocrx_word' id='word_1_60' title='bbox 704 938 828 1004; x_wconf 88' lang='lat' dir='ltr'>oriente</span> <span class='ocrx_word' id='word_1_61' title='bbox 857 939 943 1022; x_wconf 88' lang='lat' dir='ltr'>apud</span> <span class='ocrx_word' id='word_1_62' title='bbox 971 939 1113 1023; x_wconf 86' lang='lat' dir='ltr'>Babylo-</span> 
     </span>
     <span class='ocr_line' id='line_1_10' title="bbox 95 1026 1112 1112; baseline 0.002 -21"><span class='ocrx_word' id='word_1_63' title='bbox 95 1052 171 1093; x_wconf 88' lang='lat' dir='ltr'>nam</span> <span class='ocrx_word' id='word_1_64' title='bbox 195 1029 467 1112; x_wconf 88' lang='lat' dir='ltr'>contemplatione</span> <span class='ocrx_word' id='word_1_65' title='bbox 491 1027 580 1111; x_wconf 88' lang='lat' dir='ltr'>pacis</span> <span class='ocrx_word' id='word_1_66' title='bbox 604 1027 694 1107; x_wconf 87' lang='lat' dir='ltr'>adiit,</span> <span class='ocrx_word' id='word_1_67' title='bbox 716 1027 764 1092; x_wconf 88' lang='lat' dir='ltr'>ita</span> <span class='ocrx_word' id='word_1_68' title='bbox 782 1028 867 1091; x_wconf 87' lang='lat' dir='ltr'>hunc</span> <span class='ocrx_word' id='word_1_69' title='bbox 886 1027 972 1110; x_wconf 93' lang='lat' dir='ltr'>apud</span> <span class='ocrx_word' id='word_1_70' title='bbox 992 1026 1112 1111; x_wconf 83' lang='lat' dir='ltr'>Hispa-</span> 
     </span>
     <span class='ocr_line' id='line_1_11' title="bbox 94 1115 1150 1200; baseline 0 -19"><span class='ocrx_word' id='word_1_71' title='bbox 94 1119 182 1182; x_wconf 87' lang='lat' dir='ltr'>niam</span> <span class='ocrx_word' id='word_1_72' title='bbox 201 1119 235 1180; x_wconf 91' lang='lat' dir='ltr'>in</span> <span class='ocrx_word' id='word_1_73' title='bbox 259 1115 433 1181; x_wconf 86' lang='lat' dir='ltr'>occidentis</span> <span class='ocrx_word' id='word_1_74' title='bbox 456 1115 572 1180; x_wconf 93' lang='lat' dir='ltr'>ultimo</span> <span class='ocrx_word' id='word_1_75' title='bbox 597 1115 733 1200; x_wconf 84' lang='lat' dir='ltr'>supplex</span> <span class='ocrx_word' id='word_1_76' title='bbox 757 1137 829 1180; x_wconf 89' lang='lat' dir='ltr'>cum</span> <span class='ocrx_word' id='word_1_77' title='bbox 853 1116 1018 1199; x_wconf 86' lang='lat' dir='ltr'>gentilicio</span> <span class='ocrx_word' id='word_1_78' title='bbox 1043 1131 1150 1181; x_wconf 87' lang='lat' dir='ltr'>mu-10</span> 
     </span>
    </p>

    <p class='ocr_par' dir='ltr' id='par_1_5' title="bbox 45 1202 1113 1553">
     <span class='ocr_line' id='line_1_12' title="bbox 45 1202 1112 1286; baseline 0.004 -20"><span class='ocrx_word' id='word_1_79' title='bbox 45 1220 173 1269; x_wconf 79' lang='grc'>2111212</span> <span class='ocrx_word' id='word_1_80' title='bbox 197 1227 273 1269; x_wconf 89' lang='lat' dir='ltr'>eous</span> <span class='ocrx_word' id='word_1_81' title='bbox 297 1204 395 1268; x_wconf 89' lang='lat' dir='ltr'>Indus</span> <span class='ocrx_word' id='word_1_82' title='bbox 420 1207 452 1267; x_wconf 91' lang='lat' dir='ltr'>et</span> <span class='ocrx_word' id='word_1_83' title='bbox 475 1202 598 1286; x_wconf 78' lang='lat' dir='ltr'>Scytha</span> <span class='ocrx_word' id='word_1_84' title='bbox 622 1204 738 1268; x_wconf 90' lang='lat' dir='ltr'>boreus</span> <span class='ocrx_word' id='word_1_85' title='bbox 763 1204 877 1268; x_wconf 84' lang='lat' dir='ltr'>orauit.</span> <span class='ocrx_word' id='word_1_86' title='bbox 915 1202 1112 1270; x_wconf 81' lang='lat' dir='ltr'>Cantabrico</span> 
     </span>
     <span class='ocr_line' id='line_1_13' title="bbox 97 1291 1113 1376; baseline 0.002 -20"><span class='ocrx_word' id='word_1_87' title='bbox 97 1294 181 1357; x_wconf 92' lang='lat' dir='ltr'>bello</span> <span class='ocrx_word' id='word_1_88' title='bbox 214 1315 272 1375; x_wconf 88' lang='lat' dir='ltr'>per</span> <span class='ocrx_word' id='word_1_89' title='bbox 305 1293 446 1376; x_wconf 90' lang='lat' dir='ltr'>quinque</span> <span class='ocrx_word' id='word_1_90' title='bbox 479 1314 580 1356; x_wconf 86' lang='lat' dir='ltr'>annos</span> <span class='ocrx_word' id='word_1_91' title='bbox 614 1294 686 1357; x_wconf 88' lang='lat' dir='ltr'>acto</span> <span class='ocrx_word' id='word_1_92' title='bbox 719 1295 852 1375; x_wconf 87' lang='lat' dir='ltr'>totaque</span> <span class='ocrx_word' id='word_1_93' title='bbox 869 1291 1046 1375; x_wconf 48' lang='lat' dir='ltr'>*Hispania</span> <span class='ocrx_word' id='word_1_94' title='bbox 1077 1294 1113 1358; x_wconf 92' lang='lat' dir='ltr'>in</span> 
     </span>
     <span class='ocr_line' id='line_1_14' title="bbox 96 1380 1112 1474; baseline 0.003 -30"><span class='ocrx_word' id='word_1_95' title='bbox 96 1385 260 1444; x_wconf 84' lang='lat' dir='ltr'>aeternam</span> <span class='ocrx_word' id='word_1_96' title='bbox 279 1402 391 1463; x_wconf 84' lang='lat' dir='ltr'>paoem</span> <span class='ocrx_word' id='word_1_97' title='bbox 415 1402 487 1444; x_wconf 90' lang='lat' dir='ltr'>cum</span> <span class='ocrx_word' id='word_1_98' title='bbox 511 1380 652 1463; x_wconf 85' lang='lat' dir='ltr'>quadam</span> <span class='ocrx_word' id='word_1_99' title='bbox 674 1380 887 1474; x_wconf 88' lang='lat' dir='ltr'>respiratione</span> <span class='ocrx_word' id='word_1_100' title='bbox 911 1380 1112 1447; x_wconf 85' lang='lat' dir='ltr'>lassitudinis</span> 
     </span>
     <span class='ocr_line' id='line_1_15' title="bbox 95 1467 928 1622; baseline 0 -90"><span class='ocrx_word' id='word_1_101' title='bbox 95 1470 251 1533; x_wconf 84' lang='lat' dir='ltr'>reclinata</span> <span class='ocrx_word' id='word_1_102' title='bbox 276 1490 312 1533; x_wconf 89' lang='lat' dir='ltr'>ac</span> <span class='ocrx_word' id='word_1_103' title='bbox 335 1469 459 1622; x_wconf 79' lang='lat' dir='ltr'>reposit</span> <span class='ocrx_word' id='word_1_104' title='bbox 461 1491 494 1552; x_wconf 84' lang='lat' dir='ltr'>a,</span> <span class='ocrx_word' id='word_1_105' title='bbox 445 1467 638 1533; x_wconf 83' lang='lat' dir='ltr'>thesar</span> <span class='ocrx_word' id='word_1_106' title='bbox 662 1468 817 1533; x_wconf 86' lang='lat' dir='ltr'>Romam</span> <span class='ocrx_word' id='word_1_107' title='bbox 822 1470 928 1534; x_wconf 90' lang='lat' dir='ltr'>rediit.</span> 
     </span>
    </p>

    <p class='ocr_par' dir='ltr' id='par_1_6' title="bbox 41 1555 1182 1820">
     <span class='ocr_line' id='line_1_16' title="bbox 41 1555 1182 1656; baseline 0 -35"><span class='ocrx_word' id='word_1_108' title='bbox 41 1575 74 1621; x_wconf 94' lang='grc'>22</span> <span class='ocrx_word' id='word_1_109' title='bbox 163 1555 294 1632; x_wconf 79' lang='lat' dir='ltr'>lQuibus</span> <span class='ocrx_word' id='word_1_110' title='bbox 323 1559 422 1623; x_wconf 90' lang='lat' dir='ltr'>etiam</span> <span class='ocrx_word' id='word_1_111' title='bbox 450 1558 561 1623; x_wconf 88' lang='lat' dir='ltr'>diebus</span> <span class='ocrx_word' id='word_1_112' title='bbox 589 1558 692 1622; x_wconf 88' lang='lat' dir='ltr'>multa</span> <span class='ocrx_word' id='word_1_113' title='bbox 673 1579 776 1642; x_wconf 89' lang='lat' dir='ltr'>aper</span> <span class='ocrx_word' id='word_1_114' title='bbox 804 1579 838 1622; x_wconf 85' lang='lat' dir='ltr'>se</span> <span class='ocrx_word' id='word_1_115' title='bbox 861 1558 1028 1656; x_wconf 86' lang='lat' dir='ltr'>multaque</span> <span class='ocrx_word' id='word_1_116' title='bbox 1051 1579 1146 1643; x_wconf 81' lang='lat' dir='ltr'>perr</span> <span class='ocrx_word' id='word_1_117' title='bbox 1159 1575 1182 1614; x_wconf 76' lang='lat'>44</span> 
     </span>
     <span class='ocr_line' id='line_1_17' title="bbox 95 1632 1147 1733; baseline 0.001 -23"><span class='ocrx_word' id='word_1_118' title='bbox 95 1648 190 1711; x_wconf 91' lang='lat' dir='ltr'>duces</span> <span class='ocrx_word' id='word_1_119' title='bbox 220 1651 251 1710; x_wconf 88' lang='grc'>22</span> <span class='ocrx_word' id='word_1_120' title='bbox 279 1647 404 1733; x_wconf 89' lang='lat' dir='ltr'>legatos</span> <span class='ocrx_word' id='word_1_121' title='bbox 432 1647 518 1713; x_wconf 87' lang='lat' dir='ltr'>bella</span> <span class='ocrx_word' id='word_1_122' title='bbox 547 1648 655 1732; x_wconf 85' lang='lat' dir='ltr'>gessit</span> <span class='ocrx_word' id='word_1_123' title='bbox 700 1668 778 1711; x_wconf 88' lang='lat' dir='ltr'>nam</span> <span class='ocrx_word' id='word_1_124' title='bbox 804 1632 914 1710; x_wconf 91' lang='lat' dir='ltr'>inter</span> <span class='ocrx_word' id='word_1_125' title='bbox 920 1651 1045 1712; x_wconf 88' lang='lat' dir='ltr'>ceteros</span> <span class='ocrx_word' id='word_1_126' title='bbox 1077 1651 1147 1727; x_wconf 72' lang='grc' dir='ltr'>2216Ι</span> 
     </span>
     <span class='ocr_line' id='line_1_18' title="bbox 97 1735 1111 1820; baseline 0.001 -21"><span class='ocrx_word' id='word_1_127' title='bbox 97 1735 174 1800; x_wconf 85' lang='grc' dir='ltr'>Ρ122</span> <span class='ocrx_word' id='word_1_128' title='bbox 198 1736 368 1801; x_wconf 89' lang='lat' dir='ltr'>aduersum</span> <span class='ocrx_word' id='word_1_129' title='bbox 384 1735 573 1802; x_wconf 89' lang='lat' dir='ltr'>Vindelicos</span> <span class='ocrx_word' id='word_1_130' title='bbox 597 1735 715 1800; x_wconf 88' lang='lat' dir='ltr'>missus</span> <span class='ocrx_word' id='word_1_131' title='bbox 739 1738 802 1820; x_wconf 82' lang='lat' dir='ltr'>est3</span> <span class='ocrx_word' id='word_1_132' title='bbox 826 1735 942 1819; x_wconf 89' lang='lat' dir='ltr'>quibus</span> <span class='ocrx_word' id='word_1_133' title='bbox 966 1736 1111 1801; x_wconf 87' lang='lat' dir='ltr'>subactis</span> 
     </span>
    </p>

    <p class='ocr_par' dir='ltr' id='par_1_7' title="bbox 42 1822 1112 1998">
     <span class='ocr_line' id='line_1_19' title="bbox 42 1822 1110 1910; baseline 0 -21"><span class='ocrx_word' id='word_1_134' title='bbox 42 1834 75 1882; x_wconf 76' lang='lat'>23</span> <span class='ocrx_word' id='word_1_135' title='bbox 96 1826 163 1890; x_wconf 84' lang='lat' dir='ltr'>uict</span> <span class='ocrx_word' id='word_1_136' title='bbox 165 1848 201 1890; x_wconf 94' lang='lat' dir='ltr'>or</span> <span class='ocrx_word' id='word_1_137' title='bbox 149 1825 261 1889; x_wconf 84' lang='lat' dir='ltr'>tad</span> <span class='ocrx_word' id='word_1_138' title='bbox 281 1823 452 1890; x_wconf 78' lang='lat' dir='ltr'>Caesarem</span> <span class='ocrx_word' id='word_1_139' title='bbox 470 1825 663 1910; x_wconf 89' lang='lat' dir='ltr'>Lugdunum</span> <span class='ocrx_word' id='word_1_140' title='bbox 682 1825 781 1889; x_wconf 92' lang='lat' dir='ltr'>uenit.</span> <span class='ocrx_word' id='word_1_141' title='bbox 816 1822 1003 1889; x_wconf 86' lang='lat' dir='ltr'>Pannonios</span> <span class='ocrx_word' id='word_1_142' title='bbox 1023 1845 1110 1889; x_wconf 89' lang='lat' dir='ltr'>nouo</span> 
     </span>
     <span class='ocr_line' id='line_1_20' title="bbox 95 1911 1112 1998; baseline -0.001 -21"><span class='ocrx_word' id='word_1_143' title='bbox 95 1918 187 1978; x_wconf 91' lang='lat' dir='ltr'>motu</span> <span class='ocrx_word' id='word_1_144' title='bbox 205 1915 456 1978; x_wconf 88' lang='lat' dir='ltr'>intumescentes</span> <span class='ocrx_word' id='word_1_145' title='bbox 477 1913 627 1978; x_wconf 78' lang='lat' dir='ltr'>Tiberius</span> <span class='ocrx_word' id='word_1_146' title='bbox 646 1912 817 1998; x_wconf 88' lang='lat' dir='ltr'>priuignus</span> <span class='ocrx_word' id='word_1_147' title='bbox 833 1911 982 1978; x_wconf 80' lang='lat' dir='ltr'>Caesaris</span> <span class='ocrx_word' id='word_1_148' title='bbox 1002 1934 1112 1977; x_wconf 87' lang='lat' dir='ltr'>cruen-</span> 
     </span>
    </p>

    <p class='ocr_par' dir='ltr' id='par_1_8' title="bbox 43 1999 1150 2173">
     <span class='ocr_line' id='line_1_21' title="bbox 43 1999 1150 2084; baseline -0.001 -18"><span class='ocrx_word' id='word_1_149' title='bbox 43 2003 224 2066; x_wconf 72' lang='lat' dir='ltr'>artissima</span> <span class='ocrx_word' id='word_1_150' title='bbox 256 2002 350 2065; x_wconf 88' lang='lat' dir='ltr'>caede</span> <span class='ocrx_word' id='word_1_151' title='bbox 384 2001 512 2066; x_wconf 91' lang='lat' dir='ltr'>deleuit.</span> <span class='ocrx_word' id='word_1_152' title='bbox 561 2002 709 2084; x_wconf 81' lang='lat' dir='ltr'>idemque</span> <span class='ocrx_word' id='word_1_153' title='bbox 742 2001 896 2066; x_wconf 87' lang='lat' dir='ltr'>continuo</span> <span class='ocrx_word' id='word_1_154' title='bbox 929 1999 1110 2066; x_wconf 82' lang='lat' dir='ltr'>Germanos</span> <span class='ocrx_word' id='word_1_155' title='bbox 1125 2017 1150 2056; x_wconf 75' lang='lat'>20</span> 
     </span>
     <span class='ocr_line' id='line_1_22' title="bbox 95 2087 1111 2173; baseline 0.001 -20"><span class='ocrx_word' id='word_1_156' title='bbox 95 2091 180 2153; x_wconf 91' lang='lat' dir='ltr'>bello</span> <span class='ocrx_word' id='word_1_157' title='bbox 205 2089 349 2171; x_wconf 82' lang='lat' dir='ltr'>arripuit,</span> <span class='ocrx_word' id='word_1_158' title='bbox 373 2090 529 2173; x_wconf 91' lang='lat' dir='ltr'>equibus</span> <span class='ocrx_word' id='word_1_159' title='bbox 554 2087 770 2172; x_wconf 84' lang='lat' dir='ltr'>quadraginta</span> <span class='ocrx_word' id='word_1_160' title='bbox 793 2088 883 2153; x_wconf 87' lang='lat' dir='ltr'>milia</span> <span class='ocrx_word' id='word_1_161' title='bbox 907 2089 1111 2172; x_wconf 85' lang='lat' dir='ltr'>captiuorum</span> 
     </span>
    </p>

    <p class='ocr_par' dir='ltr' id='par_1_9' title="bbox 43 2175 1149 2522">
     <span class='ocr_line' id='line_1_23' title="bbox 43 2175 1110 2259; baseline 0.006 -24"><span class='ocrx_word' id='word_1_162' title='bbox 43 2188 77 2235; x_wconf 82' lang='grc'>22</span> <span class='ocrx_word' id='word_1_163' title='bbox 96 2178 200 2239; x_wconf 90' lang='lat' dir='ltr'>uictor</span> <span class='ocrx_word' id='word_1_164' title='bbox 219 2175 361 2241; x_wconf 88' lang='lat' dir='ltr'>abduxit.</span> <span class='ocrx_word' id='word_1_165' title='bbox 398 2176 484 2259; x_wconf 94' lang='lat' dir='ltr'>quod</span> <span class='ocrx_word' id='word_1_166' title='bbox 507 2197 619 2240; x_wconf 85' lang='lat' dir='ltr'>reuera</span> <span class='ocrx_word' id='word_1_167' title='bbox 642 2175 764 2239; x_wconf 89' lang='lat' dir='ltr'>bellum</span> <span class='ocrx_word' id='word_1_168' title='bbox 787 2177 965 2241; x_wconf 86' lang='lat' dir='ltr'>maximum</span> <span class='ocrx_word' id='word_1_169' title='bbox 990 2178 1110 2244; x_wconf 80' lang='grc'>22121-</span> 
     </span>
     <span class='ocr_line' id='line_1_24' title="bbox 94 2263 1111 2348; baseline 0.003 -21"><span class='ocrx_word' id='word_1_170' title='bbox 94 2263 383 2327; x_wconf 88' lang='lat' dir='ltr'>midulosissimum</span> <span class='ocrx_word' id='word_1_171' title='bbox 418 2264 600 2347; x_wconf 89' lang='lat' dir='ltr'>quindecim</span> <span class='ocrx_word' id='word_1_172' title='bbox 618 2263 815 2347; x_wconf 70' lang='lat' dir='ltr'>,legionibus</span> <span class='ocrx_word' id='word_1_173' title='bbox 846 2286 904 2348; x_wconf 88' lang='lat' dir='ltr'>per</span> <span class='ocrx_word' id='word_1_174' title='bbox 932 2266 1111 2331; x_wconf 90' lang='lat' dir='ltr'>triennium</span> 
     </span>
     <span class='ocr_line' id='line_1_25' title="bbox 95 2351 1112 2437; baseline 0.006 -22"><span class='ocrx_word' id='word_1_175' title='bbox 95 2356 224 2437; x_wconf 87' lang='lat' dir='ltr'>gestum</span> <span class='ocrx_word' id='word_1_176' title='bbox 248 2356 305 2434; x_wconf 89' lang='lat' dir='ltr'>est,</span> <span class='ocrx_word' id='word_1_177' title='bbox 328 2373 386 2415; x_wconf 91' lang='lat' dir='ltr'>nec</span> <span class='ocrx_word' id='word_1_178' title='bbox 410 2352 476 2415; x_wconf 90' lang='lat' dir='ltr'>fere</span> <span class='ocrx_word' id='word_1_179' title='bbox 495 2351 598 2416; x_wconf 93' lang='lat' dir='ltr'>ullum</span> <span class='ocrx_word' id='word_1_180' title='bbox 617 2352 721 2416; x_wconf 86' lang='lat' dir='ltr'>maius</span> <span class='ocrx_word' id='word_1_181' title='bbox 740 2352 871 2436; x_wconf 89' lang='lat' dir='ltr'>bellum,</span> <span class='ocrx_word' id='word_1_182' title='bbox 896 2353 1112 2421; x_wconf 68' lang='grc'>2122282222-</span> 
     </span>
     <span class='ocr_line' id='line_1_26' title="bbox 95 2439 1149 2522; baseline 0 -18"><span class='ocrx_word' id='word_1_183' title='bbox 95 2441 169 2505; x_wconf 90' lang='lat' dir='ltr'>nius</span> <span class='ocrx_word' id='word_1_184' title='bbox 194 2441 387 2522; x_wconf 85' lang='lat' dir='ltr'>adtestatur,</span> <span class='ocrx_word' id='word_1_185' title='bbox 411 2443 487 2522; x_wconf 85' lang='lat' dir='ltr'>post</span> <span class='ocrx_word' id='word_1_186' title='bbox 509 2439 666 2505; x_wconf 86' lang='lat' dir='ltr'>Punicum</span> <span class='ocrx_word' id='word_1_187' title='bbox 689 2440 760 2504; x_wconf 84' lang='lat' dir='ltr'>fuit.</span> <span class='ocrx_word' id='word_1_188' title='bbox 1123 2457 1149 2498; x_wconf 71' lang='grc'>22</span> 
     </span>
    </p>

    <p class='ocr_par' dir='ltr' id='par_1_10' title="bbox 44 2527 1111 2788">
     <span class='ocr_line' id='line_1_27' title="bbox 44 2527 1111 2613; baseline 0.007 -26"><span class='ocrx_word' id='word_1_189' title='bbox 44 2541 77 2589; x_wconf 86' lang='grc'>22</span> <span class='ocrx_word' id='word_1_190' title='bbox 165 2527 231 2593; x_wconf 81' lang='lat' dir='ltr'>sub</span> <span class='ocrx_word' id='word_1_191' title='bbox 264 2527 375 2592; x_wconf 88' lang='lat' dir='ltr'>eodem</span> <span class='ocrx_word' id='word_1_192' title='bbox 407 2549 485 2604; x_wconf 86' lang='lat' dir='ltr'>uero</span> <span class='ocrx_word' id='word_1_193' title='bbox 517 2531 663 2613; x_wconf 89' lang='lat' dir='ltr'>tempore</span> <span class='ocrx_word' id='word_1_194' title='bbox 692 2527 867 2604; x_wconf 78' lang='lat' dir='ltr'>Quintilius</span> <span class='ocrx_word' id='word_1_195' title='bbox 895 2528 1003 2593; x_wconf 87' lang='lat' dir='ltr'>Varus</span> <span class='ocrx_word' id='word_1_196' title='bbox 1037 2552 1111 2595; x_wconf 90' lang='lat' dir='ltr'>cum</span> 
     </span>
     <span class='ocr_line' id='line_1_28' title="bbox 96 2615 1109 2700; baseline 0.002 -20"><span class='ocrx_word' id='word_1_197' title='bbox 96 2619 200 2681; x_wconf 85' lang='lat' dir='ltr'>tribus</span> <span class='ocrx_word' id='word_1_198' title='bbox 224 2616 407 2700; x_wconf 85' lang='lat' dir='ltr'>legionibus</span> <span class='ocrx_word' id='word_1_199' title='bbox 431 2639 450 2680; x_wconf 86' lang='lat' dir='ltr'>a</span> <span class='ocrx_word' id='word_1_200' title='bbox 474 2615 645 2681; x_wconf 84' lang='lat' dir='ltr'>Germanis</span> <span class='ocrx_word' id='word_1_201' title='bbox 676 2617 921 2698; x_wconf 83' lang='lat' dir='ltr'>rebellantibus,</span> <span class='ocrx_word' id='word_1_202' title='bbox 948 2617 1030 2680; x_wconf 85' lang='lat' dir='ltr'>mira</span> <span class='ocrx_word' id='word_1_203' title='bbox 1058 2640 1109 2682; x_wconf 92' lang='lat' dir='ltr'>su-</span> 
     </span>
     <span class='ocr_line' id='line_1_29' title="bbox 94 2702 1111 2788; baseline 0.001 -21"><span class='ocrx_word' id='word_1_204' title='bbox 94 2705 208 2786; x_wconf 87' lang='lat' dir='ltr'>perbia</span> <span class='ocrx_word' id='word_1_205' title='bbox 223 2708 317 2786; x_wconf 89' lang='lat' dir='ltr'>atque</span> <span class='ocrx_word' id='word_1_206' title='bbox 337 2705 475 2768; x_wconf 88' lang='lat' dir='ltr'>auaritia</span> <span class='ocrx_word' id='word_1_207' title='bbox 496 2706 530 2768; x_wconf 91' lang='lat' dir='ltr'>in</span> <span class='ocrx_word' id='word_1_208' title='bbox 550 2705 712 2770; x_wconf 87' lang='lat' dir='ltr'>subiectos</span> <span class='ocrx_word' id='word_1_209' title='bbox 733 2725 841 2788; x_wconf 87' lang='lat' dir='ltr'>agens,</span> <span class='ocrx_word' id='word_1_210' title='bbox 859 2702 966 2766; x_wconf 84' lang='lat' dir='ltr'>fundit</span> <span class='ocrx_word' id='word_1_211' title='bbox 952 2708 1004 2766; x_wconf 88' lang='lat' dir='ltr'>tus</span> <span class='ocrx_word' id='word_1_212' title='bbox 1025 2705 1111 2768; x_wconf 92' lang='lat' dir='ltr'>dele·</span> 
     </span>
    </p>

    <p class='ocr_par' dir='ltr' id='par_1_11' title="bbox 41 2788 1148 3140">
     <span class='ocr_line' id='line_1_30' title="bbox 41 2788 1108 2940; baseline 0.003 -89"><span class='ocrx_word' id='word_1_213' title='bbox 41 2803 73 2851; x_wconf 77' lang='grc'>27</span> <span class='ocrx_word' id='word_1_214' title='bbox 93 2796 146 2854; x_wconf 83' lang='grc'>222</span> <span class='ocrx_word' id='word_1_215' title='bbox 177 2794 234 2854; x_wconf 88' lang='lat' dir='ltr'>est.</span> <span class='ocrx_word' id='word_1_216' title='bbox 283 2812 381 2940; x_wconf 83' lang='lat' dir='ltr'>quam</span> <span class='ocrx_word' id='word_1_217' title='bbox 410 2793 605 2875; x_wconf 87' lang='lat' dir='ltr'>reipublicae</span> <span class='ocrx_word' id='word_1_218' title='bbox 635 2791 756 2856; x_wconf 84' lang='lat' dir='ltr'>cladem</span> <span class='ocrx_word' id='word_1_219' title='bbox 788 2789 908 2854; x_wconf 77' lang='lat' dir='ltr'>Caesar</span> <span class='ocrx_word' id='word_1_220' title='bbox 937 2788 1108 2872; x_wconf 89' lang='lat' dir='ltr'>Augustus</span> 
     </span>
     <span class='ocr_line' id='line_1_31' title="bbox 94 2875 1148 2977; baseline -0.004 -35"><span class='ocrx_word' id='word_1_221' title='bbox 94 2879 172 2942; x_wconf 89' lang='lat' dir='ltr'>adeo</span> <span class='ocrx_word' id='word_1_222' title='bbox 201 2878 343 2977; x_wconf 84' lang='lat' dir='ltr'>grauiter</span> <span class='ocrx_word' id='word_1_223' title='bbox 370 2879 458 2962; x_wconf 83' lang='lat' dir='ltr'>tulit,</span> <span class='ocrx_word' id='word_1_224' title='bbox 486 2883 523 2943; x_wconf 93' lang='lat' dir='ltr'>ut</span> <span class='ocrx_word' id='word_1_225' title='bbox 552 2901 648 2962; x_wconf 84' lang='lat' dir='ltr'>saepe</span> <span class='ocrx_word' id='word_1_226' title='bbox 676 2899 734 2961; x_wconf 91' lang='lat' dir='ltr'>per</span> <span class='ocrx_word' id='word_1_227' title='bbox 762 2877 829 2940; x_wconf 87' lang='lat' dir='ltr'>uim</span> <span class='ocrx_word' id='word_1_228' title='bbox 857 2875 978 2939; x_wconf 93' lang='lat' dir='ltr'>doloris</span> <span class='ocrx_word' id='word_1_229' title='bbox 1007 2882 1107 2960; x_wconf 90' lang='lat' dir='ltr'>caput</span> <span class='ocrx_word' id='word_1_230' title='bbox 1120 2897 1148 2938; x_wconf 85' lang='lat' dir='ltr'>eo</span> 
     </span>
     <span class='ocr_line' id='line_1_32' title="bbox 92 2961 1109 3050; baseline 0.002 -21"><span class='ocrx_word' id='word_1_231' title='bbox 92 2966 209 3050; x_wconf 89' lang='lat' dir='ltr'>parieti</span> <span class='ocrx_word' id='word_1_232' title='bbox 184 2965 402 3029; x_wconf 90' lang='lat' dir='ltr'>tconlidens</span> <span class='ocrx_word' id='word_1_233' title='bbox 435 2969 588 3030; x_wconf 85' lang='lat' dir='ltr'>clamaret</span> <span class='ocrx_word' id='word_1_234' title='bbox 574 2963 804 3042; x_wconf 82' lang='lat' dir='ltr'>tQuintili</span> <span class='ocrx_word' id='word_1_235' title='bbox 832 2961 952 3047; x_wconf 86' lang='lat' dir='ltr'>Varo,</span> <span class='ocrx_word' id='word_1_236' title='bbox 982 2966 1109 3031; x_wconf 88' lang='lat' dir='ltr'>redde</span> 
     </span>
     <span class='ocr_line' id='line_1_33' title="bbox 94 3055 289 3140; baseline -0.006 -23"><span class='ocrx_word' id='word_1_237' title='bbox 94 3055 289 3140; x_wconf 66' lang='lat' dir='ltr'>legiones.⁴</span> 
     </span>
    </p>

    <p class='ocr_par' dir='ltr' id='par_1_12' title="bbox 41 3139 1148 3403">
     <span class='ocr_line' id='line_1_34' title="bbox 41 3139 1110 3227; baseline 0.003 -23"><span class='ocrx_word' id='word_1_238' title='bbox 41 3155 74 3204; x_wconf 85' lang='grc'>28</span> <span class='ocrx_word' id='word_1_239' title='bbox 160 3142 355 3207; x_wconf 85' lang='lat' dir='ltr'>Bosforanos</span> <span class='ocrx_word' id='word_1_240' title='bbox 383 3162 460 3205; x_wconf 90' lang='lat' dir='ltr'>uero</span> <span class='ocrx_word' id='word_1_241' title='bbox 484 3140 631 3225; x_wconf 85' lang='lat' dir='ltr'>Agrippa</span> <span class='ocrx_word' id='word_1_242' title='bbox 659 3139 826 3221; x_wconf 86' lang='lat' dir='ltr'>superauit</span> <span class='ocrx_word' id='word_1_243' title='bbox 854 3144 887 3205; x_wconf 88' lang='lat' dir='ltr'>et</span> <span class='ocrx_word' id='word_1_244' title='bbox 916 3142 1020 3227; x_wconf 88' lang='lat' dir='ltr'>signis</span> <span class='ocrx_word' id='word_1_245' title='bbox 1043 3142 1110 3208; x_wconf 83' lang='lat' dir='ltr'>Ro-</span> 
     </span>
     <span class='ocr_line' id='line_1_35' title="bbox 94 3226 1107 3331; baseline -0.002 -34"><span class='ocrx_word' id='word_1_246' title='bbox 94 3232 213 3315; x_wconf 81' lang='lat' dir='ltr'>menis,</span> <span class='ocrx_word' id='word_1_247' title='bbox 241 3253 321 3315; x_wconf 90' lang='lat' dir='ltr'>quae</span> <span class='ocrx_word' id='word_1_248' title='bbox 343 3229 393 3294; x_wconf 91' lang='lat' dir='ltr'>illi</span> <span class='ocrx_word' id='word_1_249' title='bbox 416 3229 578 3331; x_wconf 81' lang='lat' dir='ltr'>quondam</span> <span class='ocrx_word' id='word_1_250' title='bbox 603 3227 662 3291; x_wconf 90' lang='lat' dir='ltr'>sub</span> <span class='ocrx_word' id='word_1_251' title='bbox 685 3226 747 3291; x_wconf 90' lang='lat' dir='ltr'>Mit</span> <span class='ocrx_word' id='word_1_252' title='bbox 733 3227 875 3294; x_wconf 86' lang='lat' dir='ltr'>thridate</span> <span class='ocrx_word' id='word_1_253' title='bbox 842 3232 970 3294; x_wconf 89' lang='grc'>22222</span> <span class='ocrx_word' id='word_1_254' title='bbox 956 3230 1107 3315; x_wconf 83' lang='lat' dir='ltr'>tulerant,</span> 
     </span>
     <span class='ocr_line' id='line_1_36' title="bbox 94 3314 1148 3403; baseline -0.004 -19"><span class='ocrx_word' id='word_1_255' title='bbox 94 3322 181 3385; x_wconf 88' lang='lat' dir='ltr'>hello</span> <span class='ocrx_word' id='word_1_256' title='bbox 205 3318 401 3403; x_wconf 85' lang='lat' dir='ltr'>recuperatis</span> <span class='ocrx_word' id='word_1_257' title='bbox 425 3317 491 3381; x_wconf 89' lang='lat' dir='ltr'>uict</span> <span class='ocrx_word' id='word_1_258' title='bbox 493 3338 529 3382; x_wconf 90' lang='lat' dir='ltr'>os</span> <span class='ocrx_word' id='word_1_259' title='bbox 477 3315 593 3380; x_wconf 91' lang='lat' dir='ltr'>tad</span> <span class='ocrx_word' id='word_1_260' title='bbox 617 3314 714 3380; x_wconf 91' lang='lat' dir='ltr'>dedit&#39;</span> <span class='ocrx_word' id='word_1_261' title='bbox 691 3320 813 3381; x_wconf 88' lang='lat' dir='ltr'>tronem</span> <span class='ocrx_word' id='word_1_262' title='bbox 837 3318 951 3402; x_wconf 86' lang='lat' dir='ltr'>coegit</span> <span class='ocrx_word' id='word_1_263' title='bbox 1120 3338 1148 3380; x_wconf 79' lang='lat' dir='ltr'>as</span> 
     </span>
    </p>

    <p class='ocr_par' dir='ltr' id='par_1_13' title="bbox 48 3404 1108 3580">
     <span class='ocr_line' id='line_1_37' title="bbox 48 3404 1108 3491; baseline 0.002 -24"><span class='ocrx_word' id='word_1_264' title='bbox 48 3420 81 3469; x_wconf 81' lang='grc'>22</span> <span class='ocrx_word' id='word_1_265' title='bbox 167 3409 297 3491; x_wconf 89' lang='lat' dir='ltr'>Parthi,</span> <span class='ocrx_word' id='word_1_266' title='bbox 326 3407 418 3491; x_wconf 90' lang='lat' dir='ltr'>quasi</span> <span class='ocrx_word' id='word_1_267' title='bbox 445 3408 516 3470; x_wconf 87' lang='lat' dir='ltr'>toto</span> <span class='ocrx_word' id='word_1_268' title='bbox 543 3407 704 3467; x_wconf 88' lang='lat' dir='ltr'>terrarum</span> <span class='ocrx_word' id='word_1_269' title='bbox 732 3405 810 3469; x_wconf 87' lang='lat' dir='ltr'>orbo</span> <span class='ocrx_word' id='word_1_270' title='bbox 832 3406 884 3470; x_wconf 92' lang='grc'>221</span> <span class='ocrx_word' id='word_1_271' title='bbox 908 3404 1030 3470; x_wconf 88' lang='grc'>(1212122</span> <span class='ocrx_word' id='word_1_272' title='bbox 1054 3406 1108 3469; x_wconf 90' lang='lat' dir='ltr'>uel</span> 
     </span>
     <span class='ocr_line' id='line_1_38' title="bbox 98 3491 1108 3580; baseline -0.001 -21"><span class='ocrx_word' id='word_1_273' title='bbox 98 3500 215 3580; x_wconf 84' lang='lat' dir='ltr'>pacato</span> <span class='ocrx_word' id='word_1_274' title='bbox 245 3496 388 3562; x_wconf 92' lang='lat' dir='ltr'>omnium</span> <span class='ocrx_word' id='word_1_275' title='bbox 417 3493 517 3560; x_wconf 90' lang='lat' dir='ltr'>oculis</span> <span class='ocrx_word' id='word_1_276' title='bbox 546 3492 751 3578; x_wconf 88' lang='lat' dir='ltr'>signarentur</span> <span class='ocrx_word' id='word_1_277' title='bbox 778 3493 913 3576; x_wconf 87' lang='lat' dir='ltr'>atque</span> <span class='ocrx_word' id='word_1_278' title='bbox 903 3513 937 3556; x_wconf 92' lang='grc'>12</span> <span class='ocrx_word' id='word_1_279' title='bbox 960 3511 994 3554; x_wconf 86' lang='grc'>22</span> <span class='ocrx_word' id='word_1_280' title='bbox 1017 3491 1108 3558; x_wconf 89' lang='grc'>22122</span> 
     </span>
    </p>
   </div>
   <div class='ocr_carea' id='block_1_3' title="bbox 0 0 1196 3960">
    <p class='ocr_par' dir='ltr' id='par_1_14' title="bbox 0 0 1196 3960">
     <span class='ocr_line' id='line_1_39' title="bbox 0 0 1196 3960; baseline 0 0"><span class='ocrx_word' id='word_1_281' title='bbox 0 0 1196 3960; x_wconf 95' lang='lat' dir='ltr'> </span> 
     </span>
    </p>
   </div>
  </div>
 </body>
</html>
