2370 3960
113 192 178 256 268
357 191 465 242 ravin
485 190 608 242 oaosn
626 187 878 240 maroamavn

48 351 54 363 ·
113 337 274 400 intentum
294 338 327 399 et
345 337 496 419 paratum
515 334 585 399 Deo
606 356 674 412 suo,
696 329 921 415 impediendae
946 331 1122 397 deuotionis

112 423 269 487 instinctu
295 422 335 487 ad
358 423 463 487 lutum
486 425 661 506 paleasque
685 423 885 503 reuocarent,
909 419 1024 484 decem
1048 441 1125 484 acer·

77 512 258 575 abissimis
290 512 396 596 plagis
424 511 536 583 fuisse,
552 513 695 575 aeratos.
741 507 856 573 deinde
879 508 1043 573 uiolentia
1067 531 1126 574 ma·

114 602 218 664 lorum
248 600 406 667 edomitos
435 622 501 664 non
530 599 634 664 solum
663 598 807 682 coegisse
835 595 1048 662 festinantem
1078 597 1129 661 sed

114 689 212 752 etiam
232 689 373 772 propriis
392 689 460 753 suis
480 688 641 774 argenteis
660 689 694 750 et
711 685 817 750 aureis
837 684 925 750 uasis
949 687 1150 751 accumula-⁵

114 777 211 842 uisse.
258 781 348 860 post,
382 777 501 842 oblitos
529 777 648 861 plagae
676 795 753 840 suae
776 778 808 838 et
832 773 970 857 cupidos
994 775 1130 858 praedae

116 866 292 948 indebitae,
314 865 443 930 inuidos
467 866 566 929 etiam
588 864 758 949 religionis
781 862 916 946 alienae,
938 862 1018 927 dum
1041 865 1130 929 inno-

116 961 226 1020 centes
247 955 341 1019 auide
360 957 607 1039 persequuntur,
625 953 708 1017 mari
722 950 833 1016 Rubro
852 951 965 1015 ultime
984 956 1131 1036 receptos

116 1065 226 1109 omnes
255 1043 401 1107 funditus
429 1043 590 1108 interisse.
637 1041 722 1125 quod
751 1059 812 1125 ego
838 1061 925 1103 nunc
955 1039 1064 1106 refero
1095 1063 1131 1106 ac

116 1132 275 1216 renunti0,
298 1132 360 1195 etsi
383 1131 466 1196 forte
489 1130 553 1195 fide
575 1151 641 1195 non
665 1131 885 1212 acceptatum,
908 1129 998 1192 exitu
1021 1133 1132 1197 tamen
1145 1147 1167 1188 ιο

78 1291 82 1298 ,
115 1220 334 1302 probandum,
370 1220 445 1302 quia
476 1219 557 1283 haec
587 1219 622 1283 in
653 1218 759 1303 figura
789 1217 895 1281 nostri
926 1215 1016 1282 facta
1049 1222 1132 1282 sunt

80 1322 96 1369 3
116 1311 251 1390 uterque
278 1304 423 1390 'populus
447 1308 543 1371 unius
566 1304 628 1371 Dei
653 1310 712 1390 est,
733 1327 800 1370 una
823 1305 936 1389 populi
957 1306 1131 1392 utriusque
1143 1335 1162 1373 r.

115 1417 220 1458 causa.
258 1395 389 1459 subdita
412 1394 475 1458 fuit
492 1394 739 1459 israhelitarum
759 1413 927 1479 synagoga
946 1394 1133 1480 Aegyptiis,

116 1482 246 1548 subdita
264 1487 314 1548 est
333 1481 593 1549 Christianorum
612 1484 748 1549 ecclesia
766 1482 932 1548 Romanis.
970 1485 1133 1567 parsecuti

116 1577 194 1636 sunt
216 1570 385 1657 Aegyptii,
414 1574 575 1656 parsecuti
598 1575 679 1636 sunt
702 1575 736 1636 et
758 1570 905 1636 Romani.
952 1570 1064 1636 decem
1087 1573 1134 1637 ihi
1147 1591 1169 1631 ra

116 1662 389 1727 contradictiones
423 1661 579 1727 aduersus
611 1661 765 1746 Moysen,
801 1660 909 1725 decem
941 1659 995 1724 hic
1028 1660 1134 1726 edicta

118 1751 272 1816 aduersus
297 1750 479 1834 Christum,
502 1751 648 1816 diuersae
671 1751 718 1814 ibi
742 1749 860 1836 plagae
882 1748 1134 1834 Aegyptiorum,

80 1851 97 1899 4
118 1840 265 1905 diuersae
287 1840 340 1905 hic
364 1840 566 1905 calamitates
589 1838 820 1904 Romanorum.
864 1859 950 1922 nam,
973 1840 1011 1901 ut
1034 1838 1133 1902 ctiam

117 1929 205 2011 ipsas
225 1930 310 1994 inter
329 1951 363 1992 se
381 1929 507 2012 plagas,
525 1928 560 1992 in
579 1930 735 2012 quantum
754 1931 865 1991 tamen
882 1927 988 2011 figura
1005 1925 1133 1997 formae

119 2018 290 2100 conparari
308 2019 426 2099 potest,
449 2015 623 2099 conferam,
642 2016 688 2080 ibi
706 2015 813 2099 prima
833 2014 995 2098 correptio
1014 2014 1169 2080 habuitne

116 2107 309 2188 sanguinem
337 2104 437 2185 uulgo
469 2104 522 2167 uel
550 2125 700 2168 manasse
730 2103 769 2167 de
797 2104 903 2186 puteis
931 2104 984 2168 uel
1010 2103 1047 2166 in
1073 2103 1133 2168 flu-

116 2194 258 2256 minibus
274 2191 464 2255 cucurrisse:
484 2190 537 2256 hic
550 2191 657 2274 prima
676 2191 736 2255 sub
751 2188 883 2256 Nerone
903 2193 1007 2277 exegit
1025 2193 1134 2277 plaga,

116 2282 153 2341 ut
183 2280 302 2362 ubique
331 2279 541 2343 morientium
574 2279 706 2364 sanguis
737 2285 824 2344 esset
853 2280 906 2344 uel
938 2280 1063 2345 morbis
1096 2282 1133 2345 in

82 2379 97 2426 5
116 2365 194 2430 urbe
214 2372 384 2450 corruptus
404 2367 456 2431 uel
474 2367 569 2432 bellis
589 2370 624 2432 in
643 2368 720 2433 orbe
739 2367 900 2453 profusus.
928 2369 974 2434 ibi
992 2389 1133 2453 sequens

115 2457 212 2540 plaga
235 2455 378 2539 prodidit
404 2460 644 2541 perstrepentes
672 2458 954 2542 persultantesque
977 2457 1012 2522 in
1034 2479 1131 2540 pene·
1145 2475 1169 2516 aa

115 2545 255 2608 tralibus
286 2566 384 2609 ranas
416 2545 542 2612 inediae
574 2547 807 2632 propemodum
839 2568 968 2611 causam
1001 2545 1130 2610 habita-

116 2634 242 2696 toribus
266 2637 363 2716 atque
388 2635 476 2730 egilii
494 2634 607 2701 fuisse:
630 2636 684 2700 hio
704 2657 840 2720 sequens
860 2635 919 2699 sub
938 2634 1129 2700 Domitiano

114 2741 219 2803 poena
255 2721 406 2786 similiter
439 2724 582 2788 ostendit
618 2724 792 2790 satellitum
825 2724 1030 2808 militumque
1059 2723 1128 2787 eius

84 2822 86 2826 ’
115 2808 271 2891 improbis
303 2811 531 2896 effrenatisque
561 2812 760 2878 discursibus
793 2813 1010 2877 cruentissimi
1041 2812 1130 2876 iussa

115 2896 270 2980 principis
295 2905 527 2982 exsequentum
548 2900 588 2964 ad
611 2900 755 2984 inopiam
780 2920 881 2982 paena
905 2922 1018 2965 omnes
1041 2901 1128 2964 ciues
1143 2921 1169 2960 so

81 2999 96 3045 6
116 2985 280 3050 Romanos
295 2985 428 3050 adactos
443 2988 603 3071 exilioque
619 2988 804 3071 dispersos⁸¹
821 2988 868 3051 ibi
882 2989 981 3054 tertia
999 2988 1129 3054 uenatio

115 3074 232 3139 habuit
255 3074 425 3159 sciniphes,
448 3076 609 3140 musculas
634 3076 758 3142 scilicet
776 3077 986 3159 paruissimas
1006 3101 1043 3143 ac
1061 3099 1130 3142 sae-

118 3164 280 3249 uissimas,
303 3186 384 3249 quae
403 3163 517 3228 mediis
537 3185 632 3247 saepe
652 3164 795 3230 aestibus
815 3187 873 3250 per
890 3167 963 3234 loca
982 3166 1131 3252 squalida

117 3253 323 3319 coadunatim
349 3252 506 3318 uibrando
536 3251 693 3318 densatae
720 3254 849 3320 tinnulo
878 3257 992 3321 uolatu
1021 3254 1130 3319 adlabi

118 3343 225 3408 solent
253 3343 443 3427 capillisque
470 3342 639 3407 hominum
671 3364 708 3406 ac
738 3343 897 3426 pecudum
928 3343 1025 3408 saetis
1056 3363 1128 3406 cum
1145 3361 1169 3402 ss

116 3435 231 3494 urente
255 3453 365 3497 morsu
387 3431 554 3497 interseri:
578 3429 631 3494 hic
654 3430 767 3495 itidem
790 3432 890 3496 tertia
909 3429 969 3495 sub
988 3428 1129 3495 Traiano

116 3516 216 3600 plaga
235 3518 373 3584 Iudaeos
393 3521 555 3605 excitauit,
575 3519 630 3604 qui
649 3541 723 3584 cum
742 3524 839 3585 antea
858 3520 976 3603 ubique
994 3514 1130 3599 dispersi
