2370 3960
346 201 542 253 nnunasvn
559 159 726 254 Pisanos
744 203 801 253 1111
820 207 844 255 e.
872 268 881 281 ..
1040 201 1104 265 109

81 347 222 409 necatus
242 347 300 408 est.
333 365 451 428 corpus
470 344 659 409 uerberibus
678 345 821 410 lacerum
840 345 927 410 cruci
942 345 1104 430 suffixum,
1123 357 1158 406 20

82 433 146 498 filii
174 433 369 517 cognatique
398 455 509 497 omnes
534 432 690 516 supplicio
714 433 842 518 traditi,
868 456 910 500 ne
933 435 1006 518 quis
1030 455 1104 498 eum

85 522 233 586 eiusdem
256 520 400 586 familiae
424 543 578 605 umquam
601 525 658 585 aut
680 522 803 586 imitari
827 529 881 590 aut
903 523 1016 588 ulcisci
1040 545 1104 587 me-

58 610 255 675 ditaretur.
301 610 380 675 haec
404 611 606 693 temporibus
629 610 776 695 Philippi
800 614 893 694 gesta
916 618 1001 677 sunt.

57 717 70 756 ⁵
155 698 236 764 Post
258 697 340 764 haec
358 697 645 784 Carthaginienses
669 721 743 765 cum
761 698 882 782 Tyrum
904 701 1028 784 urbem,
1051 724 1104 766 au·
1124 713 1157 761 21

85 791 212 852 ctorem
245 787 380 875 originis
416 810 509 872 suae,
541 788 582 852 ab
611 785 796 852 Alexandro
824 786 944 872 Magno
975 793 1105 872 captam

86 897 300 961 euersamque
337 876 538 960 didicissent,
574 876 727 941 timentes
762 877 935 941 transitum
968 878 1037 941 eius
1070 879 1106 941 in

87 965 237 1029 Africam
263 964 424 1049 futurum,
451 964 671 1030 Hamilcarem
699 966 860 1048 quendam
888 969 1105 1050 cognomento

87 1053 300 1136 Rhodanum,
332 1054 439 1117 uirum
471 1053 624 1118 facundia
652 1052 862 1137 sollertiaque
887 1055 1107 1138 praecipuum,

49 1160 74 1198 ιο
89 1141 133 1206 ad
156 1142 405 1226 perscrutandos
429 1141 606 1206 Alexandri
629 1145 720 1206 actus
744 1141 940 1208 direxerunt.
971 1144 1027 1228 qui
1048 1165 1107 1226 per
1125 1154 1159 1202 22

87 1231 340 1295 Parmenionem
364 1231 457 1315 quasi
479 1231 652 1314 transfuga
673 1234 837 1315 exceptus,
860 1231 975 1297 dehinc
994 1233 1028 1296 in
1047 1233 1106 1296 mi·

88 1320 197 1383 litiam
219 1321 306 1404 regis
330 1318 490 1383 admissus
514 1319 624 1383 omnia
647 1318 772 1384 ciuibus
796 1320 864 1385 suis
887 1343 947 1404 per
967 1321 1106 1386 tabellas

89 1409 230 1491 scriptae
250 1409 377 1491 etpost
396 1429 469 1472 cera
488 1408 663 1491 superlitas
682 1408 885 1475 enuntiabat.
917 1411 1003 1475 hunc
1023 1432 1106 1474 mor-

89 1500 149 1561 tno
178 1496 365 1561 Alexandro
394 1494 628 1582 Carthaginem
658 1519 839 1581 reuersum,
872 1499 966 1582 quasi
995 1498 1107 1563 urbem

52 1601 75 1641 1⁵
89 1585 163 1670 regi
193 1586 410 1669 uenditasset,
441 1607 507 1651 non
539 1585 670 1670 ingrato
701 1589 829 1651 tantum
857 1588 965 1653 animo
994 1609 1108 1651 uerum

83 1674 193 1737 etiam
215 1674 339 1739 crudeli
359 1673 484 1739 inuidia
505 1677 712 1739 necauer'unt.
749 1673 953 1742 deindecum
973 1675 1109 1739 adsidua
1127 1685 1161 1733 23

89 1783 151 1827 neo
174 1785 329 1847 umquam
353 1763 434 1828 satis
457 1784 612 1846 prospera
630 1762 784 1826 aduersus
804 1759 929 1827 Siculos
949 1764 1036 1827 bella
1055 1785 1108 1847 ge·

90 1854 202 1915 terent
224 1855 258 1915 et
272 1850 451 1935 Syracusas
474 1852 587 1916 urbem
602 1848 731 1915 Siciliae
749 1854 826 1915 tunc
844 1852 1110 1916 florentissimam

92 1939 263 2004 obsidione
296 1940 487 2023 cinxissent,
519 1961 577 2022 per
603 1938 809 2025 Agathoclea
837 1937 967 2004 Siciliae
998 1960 1109 2024 regem

53 2028 176 2092 amito
205 2029 418 2107 circumuenti
443 2028 574 2112 ingenio
603 2049 704 2112 usque
730 2028 771 2092 ad
794 2030 937 2093 extrema
959 2029 1110 2113 despera-

90 2117 193 2181 tionis
226 2116 354 2182 adducti
386 2119 471 2182 sunt.
516 2138 656 2202 namque
686 2116 885 2200 Agathocles
919 2139 992 2182 cum
1025 2117 1111 2202 apud
1129 2128 1164 2176 24

92 2203 273 2288 Syracusas
296 2228 315 2270 a
333 2204 658 2289 Carthaginiensibus
677 2205 879 2271 obsideretur
896 2227 934 2271 ac
953 2229 987 2272 se
1005 2229 1110 2292 neque

10 2320 28 2357 r·
41 2311 78 2349 22⁹
91 2294 180 2359 bello
206 2316 318 2378 parem
340 2295 502 2358 instructu
525 2295 691 2378 copiarum
712 2292 827 2379 nelque
852 2295 1032 2361 obsidionis
1055 2319 1111 2379 pa·

91 2383 229 2448 tientem
248 2382 485 2467 stipendiorum
503 2382 701 2448 sufficientia
719 2384 853 2468 uideret,
875 2383 958 2448 bene
976 2385 1111 2468 prouiso

55 2488 80 2528 2⁵
95 2493 135 2536 ac
154 2471 270 2536 melius
290 2471 493 2536 dissimulato
514 2473 650 2537 consilio
669 2473 703 2535 in
717 2472 862 2537 Africam
882 2493 955 2536 cnm
969 2473 1112 2536 exercitu

92 2561 238 2624 transiit.
283 2561 329 2624 ibi
360 2560 427 2624 auis
458 2560 535 2645 quid
564 2561 719 2625 moliatur
745 2561 864 2644 aperit,
895 2560 1007 2625 deinde
1035 2560 1112 2643 quid

94 2649 183 2713 iacto
212 2670 293 2732 opus
318 2649 360 2713 sit
383 2649 485 2714 docet.
530 2648 606 2714 ilico
629 2648 825 2713 unanimiter
847 2670 947 2713 naues
970 2648 1112 2732 primum
1131 2659 1166 2708 25

94 2737 130 2801 in
157 2737 276 2821 quibus
299 2759 418 2802 uenere
442 2737 654 2822 succendunt,
681 2758 722 2801 ne
746 2759 811 2821 qua
833 2758 907 2821 spes
930 2738 1113 2823 refugiendi

94 2825 195 2909 foret3
218 2826 293 2890 dein
316 2848 390 2891 cum
413 2825 523 2891 omnia
541 2827 577 2891 in
595 2830 677 2910 quae
696 2826 866 2891 direxisset
882 2830 1114 2912 prosterneret,

54 2931 81 2971 ³⁰
96 2915 194 2979 uillas
213 2915 413 3000 castellaque
432 2914 624 3001 incenderet,
646 2914 844 2981 Hannonem
862 2916 1021 3000 quendam
1041 2939 1114 2983 cum

93 3004 234 3088 triginta
257 3004 388 3068 milibus
407 3005 591 3069 Poenorum
615 3004 746 3073 obuiam
768 3004 893 3071 habuit
926 3028 1021 3090 quem
1041 3027 1114 3071 cum

96 3091 224 3158 duobus
256 3092 388 3157 milibus
422 3114 556 3158 suorum
587 3091 763 3178 interfecit3
795 3093 866 3178 ipse
897 3097 1005 3160 autem
1033 3095 1113 3158 duos

95 3184 229 3246 tantum
257 3182 292 3245 in
318 3203 355 3249 eo
379 3181 470 3246 bello
489 3181 638 3266 perdidit.
685 3203 749 3267 qua
770 3203 881 3268 pugna
904 3186 937 3247 et
959 3183 1114 3246 Afrorum
1134 3190 1167 3238 26

96 3269 216 3334 animis
248 3269 479 3335 incredibiliter
508 3270 624 3337 fractis
652 3274 685 3335 et
712 3292 844 3336 suorum
871 3271 906 3335 in
933 3271 1115 3334 inmensum

54 3376 81 3416 ³⁵
96 3357 202 3424 auctis
233 3359 332 3423 urbes
364 3359 560 3444 castellaque
593 3362 769 3444 expugnat,
800 3358 937 3443 praedas
966 3358 1114 3441 ingentes

95 3447 177 3532 egit,
200 3447 346 3512 hostium
368 3447 473 3512 multa
496 3448 588 3513 milia
610 3448 761 3514 trucidat
807 3450 914 3511 castra
937 3445 1050 3510 deinde
1074 3446 1114 3511 ad
1133 3457 1167 3505 27

96 3535 250 3620 quintum
268 3535 410 3620 lapidem
428 3558 449 3601 a
462 3535 662 3622 Carthagine
681 3535 807 3618 statuit,
825 3537 863 3600 ut
876 3534 1114 3600 damnatarum
