2370 3960
92 199 158 263 124
337 199 446 251 raum
465 199 588 251 oaosn
605 198 855 251 maroamavu

90 365 166 408 nam
198 346 230 406 et
261 341 340 407 solis
372 342 460 408 orbis
490 341 595 406 minui
623 341 713 406 uisus
744 344 794 406 est
824 344 856 405 et
884 340 968 425 apud
996 340 1107 426 Arpos

89 452 222 515 parmae
246 431 280 494 in
303 431 390 496 caelo
409 430 508 514 uisae,
532 430 581 495 sol
600 451 727 514 quoque
745 450 909 515 pugnasse
927 451 1001 495 cum
1020 431 1108 517 luna,

90 518 177 602 apud
201 516 351 603 Capenas
378 519 521 584 interdiu
545 518 624 583 duas
648 519 742 583 lunas
770 522 871 604 ortas,
898 518 933 583 in
957 516 1109 585 Sardinia

92 609 250 691 sanguine
281 607 344 673 duo
375 611 467 672 scuta
499 607 645 690 sudasse,
677 605 813 673 Faliscis
847 607 971 672 caelum
1004 609 1109 675 scindi

89 695 178 759 uelut
208 717 326 781 magno
356 696 449 760 biatu
478 695 598 778 uisum,
631 696 716 779 apud
744 696 880 761 Antium
909 697 1135 763 metentibuss

56 789 72 837 2
93 788 243 849 cruentas
268 785 373 868 spicas
396 784 431 847 in
454 783 583 848 corbem
606 782 773 850 decidisse.
817 784 919 870 igitur
940 783 1110 852 Hannibal

92 873 195 938 sciens
214 871 240 937 F
241 872 411 937 laminium
431 872 596 938 consulem
615 872 720 937 solum
743 874 778 938 in
802 873 919 939 castris
942 894 1021 958 essa,
1045 897 1108 960 quo

92 961 230 1026 celerius
261 961 457 1044 imparatum
490 960 640 1026 obrueret
671 961 776 1045 primo
810 983 884 1026 uere
916 983 1108 1047 progressus

92 1051 229 1134 arripuit
257 1048 442 1134 propiorem
471 1050 526 1115 sed
554 1050 736 1133 palustrem
758 1051 847 1114 uiam
870 1053 998 1116 etcum
1022 1051 1109 1118 forte

92 1137 215 1203 Sarnus
238 1139 305 1202 late
329 1138 513 1202 redundans
536 1139 695 1223 pendulos
719 1143 752 1203 et
775 1137 950 1204 dissolutos
974 1161 1108 1225 campos
1123 1167 1148 1205 ιο

91 1227 282 1311 reliquerat,
305 1225 344 1291 de
368 1226 486 1310 quibus
511 1226 718 1291 dictumest:

354 1365 473 1433 atquae
491 1364 568 1433 rigat
586 1379 708 1432 aequora
727 1365 839 1419 Sarnus.

56 1493 126 1556 ein
160 1513 239 1576 quos
273 1513 346 1556 cum
378 1491 520 1555 exercitu
551 1511 744 1574 progressus
776 1489 942 1555 Hannibal
978 1492 1108 1558 nebulis

88 1582 245 1663 maxime,
277 1601 360 1664 quae
393 1580 432 1643 de
463 1578 581 1663 palude
613 1578 863 1662 exhalabantur,
897 1584 1107 1663 prospectum

90 1668 309 1735 auferentibus
328 1687 483 1752 magnam
500 1671 628 1752 partam
646 1667 807 1733 sociorum
825 1668 1107 1753 iumentorumque
1121 1685 1147 1726 ιδ

89 1758 237 1842 perdidit.
283 1758 352 1842 ipse
381 1760 489 1822 autem
513 1757 569 1821 uni
592 1756 781 1841 elephant0,
805 1755 860 1840 qui
883 1758 970 1821 solus
994 1778 1107 1841 super-

90 1848 211 1932 fuerat,
241 1845 467 1931 supersedens,
496 1845 551 1908 uix
581 1844 807 1910 difficultatem
834 1844 960 1909 itineris
987 1847 1108 1929 euasit3

91 1936 147 2001 sed
171 1937 313 2013 oculum,
342 1955 405 2018 quo
432 1930 625 1998 liamdudum
649 1954 744 2018 aeger
767 1934 849 2012 aret,
871 1932 1027 1999 uiolentia
1049 1933 1105 1998 fri·
1123 1961 1171 2009 aa

54 2037 72 2084 4
90 2025 180 2108 goris
199 2022 385 2107 uigiliarum
412 2043 449 2087 ac
471 2021 593 2086 laboris
613 2021 730 2086 amisit
767 2021 823 2086 ubi
841 2043 920 2087 uero
937 2021 1105 2106 proximus

91 2112 205 2176 castris
229 2111 381 2175 Flaminii
404 2109 545 2175 consulis
568 2109 644 2194 fuit,
672 2109 856 2174 uastatione
879 2110 1104 2177 circumiacen·
1118 2129 1145 2168 2⁰

53 2200 172 2263 otium
203 2199 348 2265 locorum
377 2197 575 2263 Flaminium
605 2198 639 2262 in
668 2198 791 2263 bellum
820 2198 981 2264 excitauit
1025 2198 1106 2265 haee

87 2308 199 2372 pugna
226 2287 266 2351 ad
296 2285 555 2352 Trasumennum
581 2287 690 2351 lacum
716 2286 804 2351 facta
833 2289 890 2352 est.
936 2288 992 2352 ubi
1015 2308 1106 2354 exer-

88 2376 171 2441 citus
194 2375 362 2440 Romanus
385 2375 605 2440 infelicissime
628 2378 697 2440 arte
721 2375 958 2440 circumuentus
980 2375 1107 2441 Hanni-

87 2464 172 2528 balis
195 2464 340 2529 funditus
364 2464 543 2529 trucidatus
567 2466 630 2548 est,
658 2465 728 2548 ipse
759 2485 886 2549 quoque
916 2465 1029 2530 consul
1053 2486 1105 2530 oe·

89 2554 188 2706 llll
210 2551 1024 2724 taltorta?⁰tmltsstl‘llitttlr
1039 2574 1105 2707 li}
1118 2569 1145 2609 ²⁵

55 2730 180 2792 emilia
211 2728 401 2793 ceciderunt.
447 2729 609 2795 famosum
638 2729 700 2794 hoc
731 2729 816 2813 apud
845 2727 1104 2792 Trasumennum

87 2817 195 2881 laeum
213 2820 377 2881 certamen
394 2816 459 2882 fuit
476 2821 569 2882 tanta
588 2817 677 2881 clade
695 2816 853 2898 Romana,
872 2813 1011 2878 maxime
1030 2835 1105 2881 cum

87 2905 134 2969 ita
161 2903 307 2969 intentus
334 2907 540 2988 pugnantum
568 2904 665 2968 ardor
692 2902 851 2984 extiterit,
884 2903 920 2965 ut
948 2901 1103 2986 grauissi-

87 3014 175 3056 mum
208 2996 315 3056 terrae
347 2994 487 3074 motum,
518 2992 574 3076 qui
606 2994 684 3056 tune
715 2991 800 3056 forte
827 2992 898 3055 tam
925 2991 1100 3057 uehemens
1114 3010 1142 3050 ao

87 3081 194 3146 factus
213 3084 272 3164 est,
289 3084 328 3145 ut
346 3082 443 3146 urbes
462 3079 608 3163 diruisse,
627 3083 756 3144 montes
774 3080 989 3160 transtulisse,
1007 3080 1101 3146 disci-

89 3171 174 3235 disse
200 3190 296 3253 rupes
323 3172 357 3234 et
382 3169 516 3234 flumina
546 3172 725 3233 retrorsum
759 3169 904 3254 coegisse
935 3170 1102 3250 referatur,

54 3256 271 3344 spugnante's
300 3258 431 3323 omnino
459 3278 527 3322 non
557 3258 726 3322 senserint.
771 3257 892 3324 factam
920 3258 961 3324 ad
984 3258 1102 3322 'lbasu-

88 3369 241 3412 mennum
268 3347 396 3412 ruinam
421 3345 564 3430 sequitur
592 3365 702 3430 pugna
730 3344 924 3430 Cannensis,
952 3345 1101 3430 quamuis

87 3434 181 3500 Fabii
210 3434 346 3516 Maximi
373 3434 540 3500 dictatoris
569 3436 697 3518 tempus
730 3437 872 3502 medium
903 3434 1015 3518 fuerit,
1048 3434 1104 3518 qui
1117 3452 1144 3493 ro

86 3523 244 3606 impetum
263 3522 457 3590 Hannibalis
480 3522 661 3588 cunctando
684 3524 838 3590 tardauit.
1030 3520 1033 3526 ’
