2370 3960
80 154 144 217 308
315 151 423 204 PAVLI
442 149 567 200 OROSII
585 149 838 200 HISTORIARVM

79 294 272 363 thaginienses
295 290 422 361 fugiunt3
447 308 487 344 vn
511 290 540 343 et
562 307 599 342 xx
623 287 704 342 milia
731 302 766 341 cx
788 287 831 342 eis
860 289 984 343 Romam
1009 287 1081 343 dedu·

79 368 187 419 cuntur.
230 368 305 428 851

152 365 229 488 xiid
260 363 371 487 De]Re
392 432 439 486 ulo
469 431 540 485 duce
569 431 598 484 et
624 431 765 499 serpente,
798 428 878 484 cuius
912 429 1021 486 corium
1044 447 1085 484 cxx

79 506 182 576 pedum
201 506 275 571 erat;
300 503 350 572 qui
369 451 425 556 dux
445 522 463 556 x
481 504 510 556 et
528 521 569 556 vn
587 500 667 555 milia
685 498 969 582 Carthaginiensium
987 498 1086 566 occidit

79 599 96 631 v
114 576 195 629 milia
219 575 303 645 oepit.
336 575 427 629 denuo
447 572 659 643 congredientes
674 571 802 626 Afrrcam
819 572 964 640 Regulum
985 574 1088 642 captum
1136 632 1140 649 Ι

80 647 188 702 catenis
207 647 308 717 ligant.
339 647 367 716 [8
384 652 398 711 ξ
416 645 461 716 10]
1137 676 1140 681 -

152 727 237 781 XIIII.
264 727 393 780 Romana
411 723 510 778 classis
530 723 710 792 demergitur.
745 721 875 776 consules
894 722 1019 777 Romani
1034 740 1091 778 ceux

79 796 202 851 nauibus
221 797 348 851 Africam
371 795 576 864 ingrediuntur.
613 793 738 863 Regulus
756 793 874 847 resectis
892 792 1040 863 palpebris
1057 792 1092 847 iu·

80 870 203 939 gulatur.
241 867 331 923 Poeni
350 884 367 921 a
385 865 499 921 Lutatio
519 864 645 934 superati
662 863 777 918 tributis
797 863 968 920 subduntur.
989 865 1079 936 [958]

151 950 210 1003 XV.
239 948 281 1002 De
304 965 440 1016 aquarum
462 945 509 1000 uel
533 945 608 1015 ignis
632 945 708 1014 apud
726 945 870 999 Romanos
888 944 1095 1010 deuastationa

80 1021 212 1074 Metellus
227 1019 295 1074 deos
310 1021 456 1088 erepturus
471 1016 684 1072 semiustulatus
700 1015 820 1085 aufugit.
847 1017 934 1084 porta
948 1016 1012 1070 lani
1026 1015 1095 1070 elau·

81 1093 157 1144 ditur
180 1091 253 1144 ratio
279 1091 314 1144 de
338 1088 485 1144 stillicidio
510 1088 567 1142 olei
590 1089 619 1142 et
638 1104 712 1155 aqua
730 1086 837 1156 frigida
855 1085 885 1140 in
903 1084 1035 1141 febribus
1054 1086 1097 1141 ad·

79 1163 201 1216 hibetur.
231 1162 276 1232 [11
293 1167 307 1226 ξ
322 1161 350 1231 ὅ]

152 1240 223 1295 XVI.
259 1239 360 1308 Legati
383 1240 573 1293 Romanorum
600 1240 636 1294 ab
660 1238 765 1309 Illyriis
788 1236 1007 1292 interficiuntur.
1045 1241 1098 1292 tres

79 1326 216 1381 personae
236 1309 319 1363 uiuae
338 1309 520 1365 infodiuntur.
550 1310 655 1364 Atilius
675 1309 774 1366 consul
792 1325 856 1362 cum
872 1308 967 1363 tribus
986 1308 1098 1364 milibus

80 1380 226 1435 occiditur.
259 1379 360 1432 fluuius
381 1379 548 1446 sanguinem
567 1383 688 1435 emanat.
721 1382 779 1434 tres
797 1377 883 1433 lunae
903 1396 1044 1450 apparere
1061 1380 1099 1435 ui·

81 1453 189 1505 dentur.
218 1452 311 1503 terrae
330 1453 409 1503 motu
429 1449 512 1504 Caria
535 1452 564 1504 et
582 1452 699 1506 Rhodus
717 1450 827 1504 insulae
846 1449 919 1505 adeo
938 1467 1099 1520 concussae,

80 1526 112 1577 ut
135 1521 260 1575 colossus
283 1524 385 1589 rueret,
410 1523 440 1575 et
458 1524 560 1576 cetera.
582 1524 629 1594 [13
644 1529 658 1589 ξ
675 1523 702 1593 1]

151 1602 236 1655 XVII.
270 1601 414 1655 Hannibal
440 1601 598 1670 Saguntum
624 1601 742 1668 deleuit,
769 1600 881 1670 legatos
910 1601 1102 1656 Romanorum

80 1673 192 1741 reiecit,
216 1688 267 1742 per
285 1676 421 1727 montana
438 1673 513 1728 ferro
538 1675 567 1728 et
588 1672 649 1743 igni
672 1671 749 1726 uiam
772 1670 827 1725 sibi
851 1672 976 1741 aperuit,
1000 1673 1102 1727 Roma·

81 1763 149 1798 num
168 1745 321 1800 exercitum
343 1744 456 1813 strauit,
480 1745 567 1799 biduo
592 1744 717 1798 inclusus
735 1742 848 1796 niuibus
870 1743 1006 1812 obriguit.
1040 1744 1102 1797 dira

81 1816 218 1871 Romanis
236 1815 369 1886 prodigia
387 1815 531 1870 uidentur:
551 1814 671 1870 circulus
691 1813 758 1867 solis
777 1812 963 1881 imminuitur,
985 1831 1102 1884 parmae

81 1888 112 1941 in
132 1888 210 1943 caelo
230 1889 259 1941 et
277 1887 360 1941 lunae
379 1889 451 1942 duae
469 1887 614 1955 uidentur,
634 1885 677 1940 sol
696 1902 759 1939 cum
776 1885 845 1938 luna
862 1885 998 1939 luctatur.
1027 1886 1103 1942 Hau·

82 1959 162 2012 nibal
190 1976 246 2013 uno
272 1959 353 2013 oculo
383 1960 557 2013 excaecatur.
598 1959 691 2012 terrae
718 1957 797 2010 motu
824 1955 907 2010 urbes
937 1958 1102 2026 obruuntur,

82 2033 192 2084 montes
211 2029 426 2095 transferuntur,
444 2032 543 2096 petrae
558 2028 736 2094 scinduntur;
757 2026 806 2081 sed
819 2027 873 2081 hoc
887 2025 1032 2082 bellantes
1046 2044 1103 2082 non

83 2102 216 2154 sentiunt.
261 2107 294 2153 14
309 2106 354 2164 §1

156 2101 258 2224 xviri
283 2101 404 2221 Remini
415 2185 479 2221 cum
487 2167 646 2222 Hannibale
661 2170 821 2238 pugnantes
836 2183 926 2238 paene
942 2168 1104 2240 consumpti

86 2242 158 2293 sunt.
195 2237 339 2292 Hannibal
357 2240 415 2292 tres
434 2237 545 2291 modios
565 2238 712 2292 anulorum
732 2255 880 2293 aureorum
899 2239 1103 2310 Carthaginem

84 2310 182 2363 mittit.
209 2307 284 2362 serui
294 2307 330 2361 ad
339 2307 473 2362 militiam
484 2308 658 2378 delegantur.
684 2309 819 2364 Claudius
832 2308 987 2364 exercitum
998 2311 1103 2367 Hanni·

86 2379 160 2435 balis
179 2379 285 2448 primus
303 2378 386 2432 fudit.
420 2381 542 2448 quatuor
556 2381 676 2451 Romani
695 2380 779 2435 bellis
794 2382 974 2450 appetuntur.
995 2383 1102 2454 [1651]

156 2451 269 2507 XVIIII.
297 2450 442 2505 Hannibal
470 2450 506 2505 ad
534 2454 645 2521 portam
673 2451 814 2507 Collinam
842 2450 965 2518 accedit3
999 2453 1103 2507 effusus

86 2523 177 2576 imber
196 2539 259 2575 cum
277 2521 415 2590 grandine
433 2525 609 2592 pugnaturos
629 2523 735 2577 diuisit.
765 2523 820 2578 duo
840 2523 985 2592 Scipiones
1005 2524 1037 2578 in
1055 2524 1103 2578 Hi·

86 2593 186 2661 spania
204 2593 347 2649 necantur.
382 2593 478 2664 Scipio
497 2593 698 2665 Carthaginem
715 2594 827 2649 Nouam
844 2593 957 2647 inuadit
973 2594 1104 2650 fiatrem·

86 2681 139 2730 que
158 2662 327 2717 Hannibalis
352 2664 480 2719 uinctum
499 2666 619 2720 Romam
636 2665 812 2720 transmittit.
850 2665 951 2719 Hanno
971 2665 1104 2721 Afrorum

85 2735 141 2786 dux
161 2733 277 2801 eapitur,
298 2734 462 2790 Hasdrubal
481 2753 498 2789 a
518 2736 650 2805 Scipione
669 2737 835 2790 deuincitur.
866 2736 911 2806 [17
926 2741 941 2802 ᾗ
958 2737 985 2808 1]

155 2804 214 2857 ΧΧ.
242 2802 404 2861 Hasdrubal
423 2808 512 2860 frater
530 2805 698 2860 Hannibalis
724 2824 787 2861 cum
810 2807 934 2860 exercitu
953 2806 1102 2864 occiditur.

85 2872 229 2940 elephanti
248 2875 360 2942 scalpro
378 2880 523 2931 necantur.
555 2876 656 2930 Hanno
676 2876 732 2930 dux
746 2877 906 2930 Poenorum
923 2877 1103 2934 interficitur.

83 2942 227 2998 Hannibal
250 2943 281 2997 in
300 2946 426 3000 Africam
453 2947 618 3014 reuertitur,
642 2964 706 3001 cum
725 2946 856 3014 Scipione
874 2947 1001 3016 loquitur
1019 2949 1103 3004 inito-

85 3031 138 3083 que
149 3014 302 3068 certamine
319 3015 467 3085 effugatur.
487 3016 581 3086 Scipio
591 3016 739 3070 Africanus
754 3018 978 3086 cognominatur.
999 3021 1103 3092 [1859]

155 3086 228 3141 XXI.
261 3086 419 3141 Secundum
451 3087 558 3140 bellum
585 3087 719 3141 Prmicum
747 3087 858 3157 finitur,
887 3089 1104 3147 Macedonicum

86 3158 245 3229 suscipitur.
274 3156 395 3214 Romani
413 3156 464 3210 sub
482 3156 644 3211 Hannibale
663 3159 774 3214 uenditi
793 3162 981 3216 reuertuntur.
1010 3162 1104 3218 Mace·

86 3231 173 3284 dones
193 3233 366 3300 superantur.
404 3227 583 3298 Sempronius
603 3245 666 3283 cum
690 3231 816 3299 exercitu
834 3233 960 3286 Romano
980 3237 1103 3302 proster-

85 3302 169 3356 nitur.
197 3302 292 3373 Scipio
312 3302 459 3356 Africanus
479 3300 516 3352 ad
534 3297 706 3353 Antiochum
724 3301 848 3356 mittitur
866 3305 896 3356 et
914 3319 978 3356 oum
996 3303 1104 3359 Hanni·

86 3372 152 3426 bale
175 3372 355 3428 familiariter
377 3372 509 3442 loquitur.
547 3369 703 3425 Antiochus
727 3373 803 3426 uicto
827 3372 986 3428 Hannibale
1011 3376 1103 3430 alto·

85 3441 601 3587 mamlifflifflsshiiidbiiduintbiiedtis]
620 3510 720 3584 populi
744 3512 864 3567 Romani
886 3514 989 3583 legatis
1015 3515 1102 3572 inter·
