2370 3960
296 182 493 233 snvnnsvu
510 183 675 235 enerues
694 185 747 235 vu
765 187 790 236 a.
810 188 835 236 4.
1006 182 1071 246 239

56 324 204 389 lentiae
223 327 260 388 et
279 325 401 391 fames
421 329 458 391 et
475 330 604 392 terrae
624 330 750 392 motus
768 348 835 411 per
854 327 947 392 loca.
978 326 1072 393 haee

56 416 185 478 autem
216 414 344 479 omnia
373 415 491 480 initia
521 418 613 479 sunt
642 415 829 481 dolorum.
874 419 964 481 tune
993 420 1072 480 tra-

54 501 149 566 dent
173 523 243 566 uos
265 503 305 566 in
327 503 628 568 tribulationem
651 507 688 568 et
718 503 896 569 occident
924 526 1006 588 uos,
1035 508 1074 568 et

55 590 170 655 eritis
202 591 294 656 odio
326 593 503 656 omnibus
535 592 717 677 gentibus
748 597 908 676 propter
937 615 1073 658 nomen

28 696 186 743 ameum.
226 679 289 745 hoo
313 683 422 746 autem
446 681 556 745 diuina
579 681 785 764 prouidentia
809 681 927 746 docens
951 688 984 746 et
1007 704 1071 746 cre·
1092 694 1123 741 12

55 766 168 919 dentes
187 769 426 851 praemonendo
445 770 590 834 firmauit
608 773 641 833 et
658 769 843 836 incredulos
857 770 1071 854 praedicendo

54 877 116 922 con
131 855 211 922 udit.

64 950 67 956 '
122 944 219 1010 Anno
256 946 297 1011 ab
335 947 414 1011 urbe
451 946 581 1011 condita
616 963 785 1031 nccnxvss
822 951 898 1031 post
930 949 1109 1011 mortemt

54 1031 198 1117 Augusti
221 1032 370 1099 Caesaris
400 1035 549 1099 Tiberius
578 1031 698 1099 Caesar
731 1035 903 1119 imperium
936 1034 1070 1118 adeptus

15 1140 40 1178 1⁰
55 1125 106 1186 est
133 1123 316 1206 mansitque
340 1124 375 1187 in
398 1145 436 1190 eo
461 1125 555 1188 annis
580 1124 699 1208 uiginti
722 1128 755 1187 et
778 1124 891 1188 tribus.
937 1124 990 1187 hic
1012 1145 1071 1206 per
1090 1137 1105 1183 a

55 1214 160 1275 semet
188 1211 296 1296 ipsum
326 1212 418 1277 nulla
446 1213 534 1277 bella
562 1213 678 1297 gessit,
708 1212 764 1277 sed
791 1235 832 1277 ne
859 1235 916 1296 per
944 1212 1070 1296 legatos

54 1299 185 1382 quidem
208 1299 319 1383 aliqua
340 1301 464 1385 grauia,
487 1300 551 1365 nisi
576 1301 662 1386 quod
684 1304 814 1366 tantum
838 1301 1012 1386 aliquantis
1036 1301 1070 1364 in

54 1387 136 1452 locis
155 1389 357 1471 praecogniti
376 1391 441 1454 cito
457 1388 602 1474 gentium
616 1393 761 1456 tumores
777 1390 1070 1474 conprimebantur.

54 1498 134 1541 sane
159 1479 274 1560 quarto
294 1477 423 1562 imperii
442 1478 510 1542 eius
530 1500 615 1542 anno
636 1478 847 1545 Germanicus
864 1477 965 1544 Drusi
984 1479 1069 1543 filius
1089 1490 1105 1538 3

15 1581 39 1619 15
55 1561 224 1649 Caligulae
254 1570 348 1648 pater
378 1567 416 1630 de
448 1565 631 1648 Germania,
665 1567 705 1630 ad
736 1589 817 1651 quos
848 1567 889 1631 ab
920 1566 1071 1652 Augusto

55 1674 132 1717 sene
156 1653 274 1718 missus
298 1654 412 1738 fuerat,
434 1655 658 1739 triumphauit.
694 1656 765 1738 ipse
789 1656 897 1720 autem
921 1654 1069 1719 Tiberius
1089 1665 1106 1713 4

55 1742 196 1826 plurima
223 1742 353 1825 imperii
380 1744 430 1808 sui
457 1747 549 1827 parte
577 1765 650 1808 oum
678 1762 798 1828 magna
825 1746 858 1806 et
886 1744 979 1826 graui
1003 1765 1071 1807 mo·

55 1829 160 1895 destia
188 1830 384 1913 reipublicae
411 1831 566 1916 praefuit,
595 1831 674 1896 adeo
704 1835 741 1894 ut
763 1830 956 1916 quibusdam
979 1852 1070 1913 prae·

56 1919 181 1983 sidibus
202 1921 349 2004 augenda
368 1921 543 2004 prouinciis
562 1920 687 1984 tributa
705 1918 915 1984 suadentibus
935 1920 1070 2002 scripse-

15 2024 41 2062 2⁰
55 2008 100 2072 rit
127 2008 220 2072 boni
247 2009 420 2092 pastoris
449 2031 534 2074 esse
561 2008 722 2073 tondere
749 2030 880 2093 pecus,
908 2029 983 2073 non
1007 2006 1070 2071 de-

10 2092 225 2181 )(glubere.
271 2101 306 2163 at
333 2102 506 2182 postquam
529 2118 645 2182 passus
668 2101 718 2162 est
740 2095 898 2162 Dominus
922 2095 1069 2162 Christus
1090 2105 1106 2154 5

56 2189 153 2270 atque
173 2207 192 2249 a
211 2186 348 2251 mortuis
366 2185 543 2251 resurrexit
561 2189 594 2250 et
617 2185 793 2270 discipulos
818 2207 894 2251 suos
918 2185 958 2250 ad
981 2207 1070 2269 prae

56 2273 229 2338 dicandum
252 2274 385 2357 dimisit,
408 2275 543 2359 Pilatus,
565 2296 696 2357 praeses
715 2273 918 2339 Palaestinae
941 2275 1071 2357 prouin-

10 2359 147 2446 celeiae,
183 2362 224 2427 ad
257 2361 422 2427 Tiberium
457 2364 685 2446 imperatorem
718 2366 814 2446 atque
848 2362 888 2426 ad
921 2366 1070 2425 senatum

15 2467 41 2507 25
54 2450 182 2515 rettulit
200 2451 239 2516 de
257 2452 408 2535 passione
427 2455 460 2516 et
477 2453 712 2517 resurreetione
732 2449 855 2516 Christi
873 2471 1069 2533 consequen·

55 2539 208 2625 tibusque
231 2540 418 2623 uirtutibus,
441 2562 523 2624 quae
546 2540 599 2603 uel
622 2540 809 2622 peripsum
832 2538 943 2623 palam
961 2537 1068 2602 factae

56 2627 187 2693 fuerant
214 2628 269 2692 uel
295 2649 353 2713 per
381 2628 555 2712 discipulos
584 2629 686 2711 ipsius
709 2629 744 2692 in
766 2627 900 2691 nomine
924 2626 992 2689 eius
1016 2626 1069 2688 fie

56 2716 150 2800 bant,
179 2721 212 2782 et
240 2718 279 2781 de
308 2739 360 2798 eo,
388 2716 474 2800 quod
497 2716 646 2781 certatim
670 2718 832 2781 crescente
854 2713 1068 2798 plurimorum

56 2804 120 2870 fide
148 2804 226 2870 deus
254 2805 446 2870 crederetur.
490 2805 640 2869 Tiberius
669 2827 742 2869 cum
773 2804 928 2888 suffragio
959 2803 1104 2889 magnit

16 2909 43 2948 ³0
56 2893 180 2958 fauoris
193 2894 321 2958 rettulit
335 2894 375 2958 ad
395 2897 552 2977 senatum,
570 2897 607 2957 ut
622 2890 772 2958 Christus
791 2892 869 2957 deus
887 2892 1070 2957 haberetur.

58 2986 189 3047 senatus
207 2982 429 3067 indignatione
449 2985 567 3066 motus,
590 3004 647 3046 eur
669 3004 736 3046 non
760 2982 821 3046 sibi
844 2981 934 3065 prius
959 3003 1070 3046 secun-

57 3069 133 3134 dum
161 3093 284 3136 morem
315 3071 457 3135 delatum
488 3074 588 3154 esset,
617 3074 655 3135 ut
683 3071 721 3135 de
749 3069 950 3153 suscipiendo
982 3070 1069 3134 cultu

58 3159 148 3243 prius
168 3159 237 3243 ipse
257 3159 451 3238 decerneret,
470 3160 747 3225 consecrationem
766 3157 889 3224 Christi
907 3156 1070 3221 recusauit

57 3248 227 3333 edictoque
250 3248 430 3332 constituit,
454 3248 714 3313 exterminandos
739 3268 807 3311 esse
830 3245 909 3309 urbe
934 3242 1068 3309 Christi-

15 3352 41 3392 ³⁵
57 3358 150 3421 anos3
187 3337 360 3422 praecipue
396 3358 468 3402 cum
501 3340 534 3400 et
566 3336 700 3401 Seianus
733 3332 914 3419 praefectus
946 3331 1069 3398 Tiberii

56 3426 281 3510 suscipiendae
298 3425 449 3510 religioni
469 3425 724 3490 obstinatissime
744 3420 986 3487 contradiceret.
1016 3419 1068 3484 Ti·
1088 3432 1103 3480 τ

56 3515 165 3580 berius
188 3518 299 3580 tamen
319 3515 425 3580 edicto
444 3514 686 3578 accusatoribus
706 3510 965 3578 Christianorum
984 3531 1069 3574 mor-
