2370 3960
97 184 164 246 210
345 184 453 233 ruvur
473 182 594 233 oaosn
611 182 859 234 ursroumavu

97 330 164 393 eius
185 326 302 389 damno
320 325 499 408 uincerent,
518 326 607 390 cuius
626 326 770 407 periculo
789 325 1004 391 uincerentur.
1032 347 1108 390 nam

96 419 251 480 uictorem
280 411 453 478 Caesarem
481 415 520 479 de
549 413 657 477 Gallia
687 436 852 478 reuersum
883 414 991 478 ciuilia
1022 415 1109 478 bella

95 503 249 568 comitata
268 506 345 565 sunt
363 502 491 587 aliaque
509 503 705 586 grauissima
723 503 820 587 mala,
841 503 1005 566 interfecti
1024 504 1108 587 apud

63 591 65 594 ’
94 592 233 656 Parthos
265 588 375 654 Crassi
406 595 439 655 εὴ
468 591 621 655 trucidati
650 591 824 673 exercitae,
854 595 1109 674 praecesserunt.

41 691 78 744 13
164 677 268 742 lAnno
298 680 338 742 ab
368 678 448 742 urbe
477 680 605 743 condita
632 695 777 744 Dcxcvn
806 677 941 744 Crassus
969 680 1003 742 in
1034 702 1107 745 con·
1127 706 1146 741 r.
1158 699 1181 736 41

93 768 200 833 sulatu
225 768 352 852 collega
370 767 505 850 Pompei
528 767 730 849 prouinciam
750 768 885 832 sortitus
903 769 939 832 in
957 768 1107 846 Parthos,
1134 784 1145 821 6

92 857 190 921 homo
219 856 422 938 inexplebilis
446 856 648 939 cupiditatis,
677 856 788 920 audita
810 857 845 920 in
868 857 1106 940 Hierosolymis

92 947 206 1029 templi
230 945 404 1028 opulentia,
428 966 525 1028 quam
548 945 719 1027 Pompeius
743 946 899 1009 intactam
923 945 1108 1029 reliquerat,

90 1037 127 1099 ‘in
151 1032 370 1098 Palaestinam
394 1033 540 1114 deuertit,
563 1032 827 1116 Hierosolymam
851 1035 926 1116 adit,
949 1035 1107 1117 templum

57 1140 73 1186 a
93 1123 249 1206 peruadit,
269 1142 346 1203 opes
366 1121 486 1203 diripit.
519 1120 593 1184 inde
613 1142 670 1203 per
684 1121 956 1204 Mesopotamiam
971 1123 1107 1210 tendens
1122 1140 1146 1176 10

93 1214 127 1275 in
150 1209 327 1291 Parthiam,
351 1230 551 1292 quacumque
574 1209 637 1270 iter
659 1209 774 1272 habuit
798 1209 894 1272 sociis
918 1211 1107 1275 ciuitatibus

92 1299 213 1362 auxilia
246 1298 375 1377 indixit,
408 1297 513 1379 pretia
546 1296 653 1378 exegit
682 1318 819 1380 moxque
850 1300 887 1359 ut
914 1295 1108 1378 Euphraten

91 1386 235 1468 transiit,
257 1386 332 1450 ilico
356 1385 517 1469 Vegesen,
540 1383 686 1467 legatum
710 1386 751 1448 ab
774 1384 905 1449 Horode
928 1405 1005 1469 rege
1030 1386 1107 1451 Par-

90 1475 223 1538 thorum
235 1474 275 1538 ad
291 1495 324 1538 se
339 1474 484 1555 missum,
499 1472 631 1537 obuium
645 1473 770 1552 habuit,
785 1495 804 1536 a
819 1495 882 1556 quo
898 1473 1108 1539 uehementer

90 1563 268 1645 increpitus
297 1567 360 1645 est,
389 1583 445 1625 cur
473 1565 585 1625 contra
612 1560 725 1625 foedus
753 1560 881 1626 Luculli
912 1566 945 1626 et
971 1562 1107 1646 Pompei
1122 1580 1146 1618 15

91 1651 231 1715 auaritia
265 1650 414 1715 inductus
447 1649 638 1731 Euphraten
669 1651 844 1714 transierit.
895 1652 1106 1733 quamobrem

91 1740 159 1803 siue
184 1762 274 1803 mora
297 1739 450 1820 futurum,
473 1741 510 1800 ut
532 1760 590 1820 pro
615 1760 694 1803 auro
714 1739 867 1803 Parthico
888 1737 995 1804 Serico
1018 1740 1105 1805 ferro

55 1833 288 1893 aoneraretur.
334 1829 442 1910 itaque
470 1847 543 1889 cum
570 1849 673 1909 prope
702 1826 819 1892 Carras
847 1831 982 1891 uentum
1010 1833 1105 1911 esset,

91 1918 203 1981 Parthi
229 1914 344 1980 lsubito
368 1916 556 1998 ingruentes
581 1937 654 1978 cum
673 1915 797 1980 Surena
816 1920 848 1980 et
868 1915 993 1980 Silacea
1014 1938 1137 2001 prae-1>
1157 1935 1181 1972 41

89 2005 184 2069 fectis
209 2004 338 2088 sagittis
367 2024 556 2085 oppressere
579 2002 754 2068 Romanos.
802 2005 943 2067 cecidere
965 2004 1012 2068 ibi
1035 2005 1104 2088 plu·
1121 2022 1146 2061 20

33 2146 35 2150 Α
88 2093 162 2155 rimi
187 2096 367 2173 senatoreS,
396 2091 520 2174 aliquot
547 2091 645 2154 etiam
674 2091 862 2155 consulares
892 2095 925 2155 et
951 2093 1105 2174 praetorii

88 2179 163 2259 uiri3
189 2177 325 2242 Crassus
349 2201 475 2262 quoque
499 2179 586 2241 filius
606 2177 725 2260 Crassi,
748 2179 944 2243 lectissimus
968 2181 1105 2259 iuuenis,

87 2266 121 2328 in
146 2267 213 2329 acie
239 2268 364 2330 occisus
388 2272 446 2330 est.
490 2270 658 2350 praeterea
681 2269 834 2350 quattuor
857 2266 1007 2331 cohortes
1031 2290 1104 2332 cum

87 2352 290 2436 Vargunteio
309 2356 420 2439 legato
440 2355 554 2418 mediis
573 2355 792 2439 deprehensae
811 2355 933 2440 campis
954 2360 986 2419 et
1003 2356 1105 2420 inter-

54 2457 71 2502 4
89 2441 191 2504 fectae
216 2445 300 2507 sunt.
339 2440 479 2507 Surenas
502 2448 596 2527 rapto
616 2445 763 2528 equitatu
781 2441 935 2509 Crassum
954 2446 1104 2529 persequi
1118 2463 1145 2501 25

89 2528 228 2590 intendit
252 2552 390 2615 eumque
415 2533 670 2597 circumuentum
694 2554 732 2598 ac
754 2533 876 2597 frustra
898 2532 1104 2617 conloquium

88 2617 156 2679 eius
181 2621 345 2697 petentem
369 2620 547 2704 interfecit,
576 2624 724 2705 quamuis
752 2622 864 2686 uiuum
888 2622 1014 2685 auferre
1037 2643 1104 2684 ma-

86 2703 209 2766 luisset.
261 2708 358 2787 pauci
389 2709 495 2772 noctis
528 2709 685 2773 beneficio
718 2709 847 2771 liberati
879 2706 995 2771 Oarras
1029 2729 1103 2772 con-

49 2790 245 2872 afugerunt.
292 2795 425 2877 cognita
453 2796 543 2858 clade
566 2795 785 2859 Romanorum
813 2795 936 2857 multae
966 2795 1102 2859 orientis

84 2879 270 2959 prouinciae
294 2902 313 2942 a
338 2884 492 2945 societate
515 2882 569 2944 uel
592 2883 653 2955 fide
676 2882 789 2964 populi
807 2881 948 2944 Romani
966 2880 1101 2945 defecis-
1115 2903 1142 2941 ao

86 2968 171 3048 sent,
203 2968 238 3029 ni
269 2964 401 3030 Cassius
435 2969 580 3031 collectis
615 2990 654 3031 ex
685 2968 764 3051 fuga
797 2968 955 3032 militibus
987 2971 1100 3053 paucis

84 3054 352 3118 intumescentem
372 3053 500 3136 Syriam
521 3057 652 3138 egregia
672 3055 772 3118 animi
790 3055 912 3119 uirtute
932 3079 970 3122 ac
992 3059 1100 3122 mode-

75 3144 210 3206 ratione
238 3142 424 3225 pressisset3
457 3143 513 3224 qui
541 3147 575 3205 et
601 3143 800 3207 Antiochum
829 3145 1004 3229 copiasque
1032 3148 1100 3211 eius

84 3232 232 3314 ingentes
261 3230 386 3313 proelio
415 3229 494 3292 uicit
524 3235 556 3292 et
586 3230 764 3315 interfecit,
796 3230 940 3298 Parthos
972 3256 1100 3317 quoque

84 3319 125 3381 ab
155 3318 285 3383 Horode
312 3319 347 3381 in
375 3314 502 3399 Syriam
529 3317 647 3382 missos
677 3319 807 3402 iamque
838 3321 1002 3404 ingressos
1030 3325 1139 3385 An-aa

82 3406 237 3470 tiochiam
267 3406 353 3470 bello
385 3404 507 3487 expulit
535 3405 713 3489 ducemque
746 3428 857 3472 eorum
887 3407 1018 3490 osagen
1048 3408 1096 3471 in-

81 3493 218 3557 terfecit.
