2370 3960
129 187 195 250 296
373 183 482 236 ssvrn
500 182 624 234 ososn
640 181 891 234 msromnsvn

129 332 244 396 habita
274 329 361 392 sorte
384 329 418 390 et
440 325 615 391 distributa
638 346 742 410 usque
766 324 806 389 ad
831 346 918 389 nunc
941 323 1138 408 possessione

130 419 322 485 consistunt.

76 515 113 569 41
198 503 306 569 Multa
332 524 418 568 nuno
446 502 528 567 mihi
555 503 594 568 de
622 502 846 567 huiuscemodi
873 501 972 566 rebus
995 499 1141 586 loquendi

131 595 269 658 facultas
292 593 387 671 foret,
411 592 439 657 si
461 594 530 656 non
553 590 728 656 secundum
752 611 865 654 omncs
888 589 1043 656 homines
1064 589 1141 674 apud

132 683 228 746 unius
252 682 407 766 cuiusque
430 684 571 745 mentem
594 680 792 745 conscientia
810 683 935 744 secreta
953 680 1162 765 loqueretur.⁵

96 773 283 855 ainruptae
303 773 379 835 sunt
397 768 585 853 Hispaniae,
608 767 721 834 caedes
744 768 1011 852 uastationesque
1034 788 1142 852 passae

134 864 222 924 sunt:
245 859 328 924 nihil
351 858 481 943 quidem
504 879 639 940 nouum,
661 857 725 922 hoc
748 856 836 920 enim
858 878 945 920 nunc
971 853 1039 942 'per
1061 857 1142 922 bien·
1155 875 1185 918 n·

133 950 222 1013 nium
245 947 340 1032 illud,
369 969 432 1031 quo
461 946 591 1011 hostilis
614 945 741 1031 gladius
765 945 896 1028 saeuiit,
925 945 1107 1010 sustinuere
1127 967 1144 1009 a

133 1037 295 1120 barbaris,
323 1035 408 1120 quod
436 1057 494 1119 per
522 1035 677 1100 ducentos
705 1033 870 1118 quondam
897 1054 1004 1099 annos
1033 1055 1144 1120 passae

135 1126 264 1190 fuerant
288 1148 307 1191 a
330 1124 496 1206 Romanis,
520 1124 605 1209 quod
629 1123 728 1187 etiam
751 1123 811 1186 sub
836 1121 986 1187 Gallieno
1010 1124 1142 1206 impera
1154 1135 1173 1175 1⁰

134 1219 204 1277 tore
228 1236 286 1296 per
304 1235 407 1277 annos
425 1213 660 1296 propemodum
679 1211 848 1276 duodecim
867 1208 1040 1276 Germanis
1061 1232 1143 1276 euer-

100 1303 279 1364 3tentibus
310 1306 510 1382 exceperunt
556 1303 782 1363 uerumtamen
812 1300 883 1383 quis
913 1320 982 1364 non
1013 1322 1063 1384 se,
1096 1298 1145 1385 qui

136 1390 185 1450 sui
215 1408 410 1471 suorumque
439 1391 569 1452 actuum
598 1388 652 1452 uel
681 1389 782 1452 etiam
812 1387 1049 1473 cogitationum
1078 1410 1145 1454 con·

136 1476 219 1540 scius
240 1475 358 1540 iudicia
376 1473 437 1540 Dei
456 1476 582 1560 metuit,
599 1476 685 1541 iuste
704 1477 814 1540 omnia
831 1498 964 1560 passum
983 1477 1037 1542 uel
1056 1478 1146 1542 etiam

139 1588 242 1646 parua
270 1565 462 1630 sustinuisse
485 1564 650 1630 fateatur?
684 1570 741 1630 aut
764 1565 876 1649 quise
899 1586 966 1629 non
989 1565 1147 1652 intellegit
1157 1575 1176 1616 1⁵

138 1654 308 1739 Deumque
326 1676 392 1719 non
411 1655 536 1738 metuit,
559 1654 720 1740 quomodo
742 1675 810 1720 non
831 1654 915 1718 iuste
938 1655 1004 1719 ista
1027 1654 1147 1739 et'qui·

103 1754 120 1802 4
140 1744 212 1807 dem
236 1766 338 1828 parua
362 1742 540 1809 sustinuit?
577 1766 659 1829 quae
682 1764 756 1808 oum
778 1741 826 1806 ita
844 1743 919 1826 sint,
941 1742 1025 1807 illud
1042 1747 1149 1807 tamen

138 1834 312 1898 clementia
330 1832 393 1898 Dei
416 1834 528 1898 eadem
550 1833 682 1916 pietate,
706 1853 770 1915 qua
792 1831 912 1895 dudum
935 1831 1147 1917 praedixerat,

136 1923 339 2005 procurauit,
367 1925 404 1986 ut
431 1921 608 1986 secundum
636 1920 842 2006 euangelium
870 1942 977 2004 suum,
1011 1942 1077 2005 quo
1105 1923 1148 1985 in-

137 2012 338 2076 cessabiliter
366 2009 605 2074 commonebat:
633 2031 716 2074 cum
745 2030 814 2073 uos
842 2011 1043 2092 persecuti
1070 2009 1180 2074 fus-²⁰

136 2100 216 2162 rint
245 2099 284 2162 in
313 2118 388 2161 una
416 2097 595 2180 ciuitate,
624 2096 752 2181 fugite
781 2097 820 2160 in
851 2097 981 2182 aliam,
1014 2099 1149 2182 quisque

138 2186 247 2269 egredi
271 2189 367 2267 atque
391 2183 481 2247 abire
504 2185 615 2265 uellet,
642 2185 724 2267 ipsis
748 2184 895 2250 barbaris
919 2188 1149 2253 mercennariis

100 2283 116 2331 5
135 2272 293 2336 ministris
313 2292 350 2335 ac
369 2270 593 2336 defensoribus
612 2275 764 2339 uteretur.
800 2274 864 2339 hoc
882 2278 960 2339 tunc
978 2275 1044 2358 ipsi
1061 2276 1147 2340 ultro

136 2360 327 2446 offerebant3
357 2362 390 2424 et
418 2361 473 2445 qui
501 2360 626 2426 auferre
655 2362 764 2427 omnia
791 2363 968 2428 interfectis
998 2365 1150 2430 omnibus

140 2451 301 2532 poterant,
320 2450 515 2533 particulam
535 2451 688 2535 stipendii
703 2452 745 2516 ob
759 2452 939 2517 mercedem
954 2453 1081 2518 seruitii
1100 2451 1151 2518 sui
1167 2474 1181 2497 t·

138 2544 170 2600 et
200 2540 381 2604 transuecti
414 2541 522 2606 oneris
553 2540 757 2626 flagitabant.
809 2543 842 2604 et
874 2541 936 2605 hoc
968 2540 1100 2625 quidem
1132 2565 1151 2608 a

101 2637 117 2685 6
136 2626 284 2709 plurimis
303 2627 427 2692 factum
446 2634 504 2694 est
541 2633 595 2713 qui
615 2633 724 2694 autem
741 2651 810 2694 non
833 2629 1036 2694 crediderunt
1054 2651 1152 2706 euan-

136 2714 223 2798 gelio
239 2714 301 2778 Dei
316 2717 410 2798 quasi
424 2723 640 2801 contumaces,
658 2718 712 2783 uel
732 2719 759 2782 si
778 2719 878 2782 etiam
895 2741 961 2783 non
981 2718 1152 2784 audierunt

137 2802 308 2884 dupliciter
331 2807 547 2888 contumaces,
570 2827 638 2869 non
661 2805 818 2870 dederunt
841 2806 948 2871 locum
967 2808 1044 2891 irae,
1066 2808 1151 2873 iuste

137 2914 156 2954 a
193 2891 440 2973 superueniente
476 2894 526 2957 ira
561 2893 775 2976 conprehensi
812 2895 845 2955 et
882 2895 1028 2976 oppressi
1065 2900 1151 2961 sunt.
1170 2917 1185 2942 *¹

104 2992 334 3064 nquamquam
362 2981 395 3042 et
422 2984 497 3062 post
523 2980 586 3044 hoc
614 3001 741 3063 quoque
765 2980 918 3045 continuo
942 2983 1076 3049 barbari
1100 3006 1152 3050 ex·

140 3069 255 3136 sacrati
275 3065 399 3150 gladios
423 3088 499 3137 suos
523 3067 564 3131 ad
588 3069 697 3130 aratra
721 3068 869 3132 conuersi
891 3075 969 3135 sunt
990 3071 1153 3139 residuos·

140 3183 201 3245 que
230 3157 396 3224 Romanos
423 3158 460 3220 ut
488 3155 593 3220 socios
620 3154 717 3219 modo
746 3159 779 3220 et
807 3158 929 3224 amicos
959 3159 1084 3244 fouent,
1115 3166 1153 3226 ut

139 3249 347 3314 inueniantur
370 3246 435 3311 iam
458 3245 614 3309 intereos
634 3241 766 3325 quidam
784 3245 935 3330 Romani,
958 3249 1013 3332 qui
1032 3249 1152 3315 malint

140 3338 224 3402 inter
247 3336 403 3402 barbaros
427 3354 601 3419 pauperem
627 3330 826 3414 libertatem,
855 3356 951 3416 quam
979 3337 1065 3399 inter
1087 3336 1151 3403 Ro
1165 3355 1185 3395 a

101 3434 118 3482 8
138 3447 253 3491 manos
267 3425 473 3490 tributariam
488 3419 735 3490 sollicitudinem
751 3420 917 3485 sustinere.
941 3420 1146 3508 quamlquam
1160 3454 1182 3492 r·

139 3513 167 3576 si
186 3514 228 3578 ob
247 3513 310 3577 hoc
325 3516 431 3579 solnm
447 3513 574 3579 barbari
587 3509 741 3575 Romanis
756 3508 874 3574 finibus
888 3508 1015 3595 inmissi
1028 3510 1148 3598 forent,
