2370 3960
113 136 178 201 uro
355 140 463 189 rnvm
482 138 606 190 oaosn
623 137 878 216 msroamsun

111 287 177 347 tem
207 281 421 346 comminatus
450 283 510 346 est.
554 281 665 366 itaque
687 281 848 364 paulatim
873 277 1057 355 'immutata
1075 280 1171 345 stes·

111 373 167 435 illa
185 370 307 434 Tiberii
326 367 476 435 Caesaris
500 370 724 435 laudatissima
747 369 912 434 modestia
935 370 971 434 in
992 390 1116 454 poenam

112 459 358 523 contradictoris
382 462 527 542 senatus;
554 481 632 524 nam
659 458 742 542 regi,
771 479 994 543 quaecumque
1017 458 1118 523 uolun-

114 552 180 611 tate
208 547 364 631 faciebat,
392 548 544 631 uoluptas
568 550 650 630 erat,
680 550 778 631 atque
802 567 841 610 ex
864 547 1120 612 mansuetissimo

76 648 92 697 8
112 636 255 719 principe
276 636 467 701 saeuissime
485 636 590 701 bestia
608 635 737 699 exarsit.
768 656 847 699 nam
864 634 1028 718 plurimos
1043 657 1123 700 sena
1141 648 1150 690 ι

111 733 218 789 torum
247 725 438 809 proscripsit
465 729 498 789 et
525 724 566 788 ad
594 727 732 789 mortem
761 723 883 810 coegit3
915 724 1040 809 uiginti
1071 723 1126 790 srbi

112 815 268 898 patricios
287 815 376 878 uiros
401 814 528 878 consilii
551 835 649 878 causa
672 812 812 897 legerat:
833 812 954 876 horum
973 812 1032 879 uix
1052 812 1127 879 duos

113 904 291 968 incolumes
329 903 475 986 reliquit,
512 905 635 966 ceteros
673 899 810 965 diuersis
844 901 953 964 causis
986 903 1127 984 necauit3

114 990 268 1056 Seianum
290 991 490 1076 praefectum
513 1010 607 1055 suum
630 1011 681 1054 res
700 1010 802 1054 nouas
821 989 1016 1055 molientem
1034 990 1128 1055 inter·

77 1079 203 1164 ofecit3
240 1080 326 1145 filios
360 1100 435 1144 suos
469 1079 611 1143 Drusum
644 1082 677 1142 et
709 1076 958 1162 Germanicam,
992 1094 1161 1162 quorum1⁰

112 1169 239 1232 Drusus
269 1168 440 1250 naturalis,
471 1167 681 1232 Germanicus
712 1165 883 1250 adoptiuus
911 1170 999 1251 erat,
1030 1167 1131 1233 mani·

113 1255 205 1319 festis
231 1256 346 1319 ueneni
370 1255 472 1338 signis
495 1255 651 1339 perdidit3
680 1255 764 1321 filios
788 1252 974 1319 Germanici
997 1255 1061 1321 filii
1083 1256 1132 1321 sui

72 1359 94 1407 ,ο
112 1343 284 1407 interfecit.
307 1343 425 1407 referre
439 1342 631 1427 singillatim
644 1343 731 1409 facta
745 1344 814 1409 eins
828 1343 940 1408 horret
953 1344 1132 1430 pudetque;

112 1435 206 1494 tant-a
232 1430 378 1496 libidinis
401 1435 434 1495 et
458 1431 658 1496 crudelitatis
685 1432 775 1497 rabie
803 1431 967 1516 efferbuit,
995 1435 1048 1517 ut,
1078 1432 1132 1517 qui

113 1523 305 1602 sprenerant
333 1518 462 1585 Christo
492 1540 568 1605 rege
599 1521 734 1600 estuari,
763 1540 838 1605 rege
869 1518 1010 1585 Caesare
1040 1521 1167 1606 puni-1⁵

72 1623 93 1670 ‚1
113 1612 233 1674 rentur.
279 1610 376 1675 huius
406 1613 517 1674 tamen
545 1609 673 1693 imperii
703 1631 787 1674 anno
821 1607 1011 1674 duodecimo
1044 1632 1132 1676 noua

113 1703 146 1762 et
169 1699 366 1764 incredibilis
390 1699 496 1765 clades
525 1697 611 1781 apud
633 1696 839 1762 Fidenatium
862 1696 976 1761 urbem
1000 1699 1131 1764 acciditz

113 1788 348 1872 amphitheatri
357 1809 456 1853 cauea
465 1788 585 1871 populo
593 1786 823 1872 gladiatorium
833 1807 949 1851 munus
960 1790 1131 1870 spectante

114 1879 268 1961 conlapsa
303 1881 353 1942 est
386 1880 419 1940 et
453 1876 526 1959 plus
562 1898 660 1960 quam
689 1875 808 1959 uiginti
782 1873 929 1939 tmilia
958 1874 1131 1940 hominurn

72 1979 93 2026 a
116 1965 249 2032 occidit.
227 1966 432 2048 tdignum
474 1986 551 2028 sane
587 1965 726 2047 posteris
763 1967 874 2028 tantae
912 1963 1160 2046 correptionisn

115 2055 304 2136 exemplum,
324 2056 402 2117 tunc
417 2051 458 2116 ad
473 2052 665 2136 spectandas
683 2052 855 2117 hominum
874 2055 995 2117 mortes
1016 2052 1131 2118 auidos
1143 2068 1163 2107 ²¹

114 2139 262 2204 homines
286 2141 486 2224 conuenisse,
509 2140 638 2224 quando
661 2163 721 2224 pro
746 2141 831 2205 salut
818 2144 849 2205 te
867 2140 1039 2206 hominnm
1058 2163 1132 2243 pro·

72 2227 361 2293 3u1dendaDeus
382 2229 480 2294 homo
505 2250 575 2293 esse
598 2228 763 2294 noluisset.
801 2229 915 2295 deinde
939 2251 1024 2295 anno
1048 2230 1130 2295 eius·

116 2316 188 2380 dem
226 2317 364 2401 septimo
402 2317 527 2383 decimo
560 2339 633 2382 oum
664 2316 824 2382 Dominus
856 2316 947 2383 Iesus
981 2315 1093 2384 Christ
1078 2322 1131 2384 tus

116 2407 298 2473 uoluntaria
328 2406 457 2491 quidem
486 2428 519 2472 se
548 2405 683 2472 tradidit
705 2407 862 2491 passioni,
895 2405 951 2471 sed
979 2405 1081 2490 impie
1111 2421 1167 2471 ιιι

115 2495 244 2562 Iudaeis
269 2497 489 2582 apprehensus
514 2499 546 2561 et
568 2496 716 2582 patibulo
740 2495 873 2560 suffixus
897 2498 960 2579 est,
987 2496 1131 2561 maximo

115 2588 221 2651 terrac
245 2591 336 2651 motu
354 2608 413 2669 per
436 2587 546 2651 orbem
569 2585 655 2651 facto
676 2607 754 2650 saxa
776 2584 811 2648 in
829 2584 995 2649 montibus
1021 2584 1132 2669 scissa,

117 2675 395 2759 maximarumque
409 2675 536 2739 urbium
551 2674 709 2759 plurimae
728 2676 837 2758 partes
851 2673 925 2756 plus
945 2672 1043 2738 solita
1058 2694 1131 2738 con·

72 2766 98 2813 tr
116 2763 265 2826 cussione
288 2762 480 2828 ceciderunt
518 2763 628 2828 eadem
648 2783 774 2845 quoque
793 2761 844 2824 die
865 2761 905 2825 ad
928 2761 1043 2825 boram
1066 2762 1131 2826 diei

116 2851 241 2911 sextam
270 2850 320 2913 sol
347 2851 383 2913 in
409 2853 516 2917 totum
544 2851 735 2915 obscuratus
763 2852 910 2933 tetraque
932 2872 999 2916 nox
1022 2850 1171 2915 subitos

117 2935 254 3000 obducta
278 2937 372 3000 terris
397 2941 448 3002 est
471 2942 516 3020 et,
540 2938 623 3003 sicut
646 2937 768 3002 dictum
791 2938 853 3021 cst,

240 3072 385 3144 Impiaque
405 3078 548 3129 aeternam
565 3072 722 3128 timuerunt
740 3075 853 3128 saecula
870 3078 991 3132 noctem.

72 3206 99 3255 15
119 3227 179 3290 usq
180 3225 219 3268 ue
249 3202 328 3270 adeo
358 3204 413 3266 aut
414 3223 464 3266 em
494 3221 599 3284 neque
630 3202 741 3267 lunam
770 3203 885 3269 lumini
915 3204 995 3270 solis
1025 3226 1131 3291 neque

118 3296 221 3358 nubes
246 3292 348 3358 obstit
306 3293 412 3358 ttisse
435 3289 645 3355 manifestum
664 3293 723 3375 est,
745 3296 783 3357 nt
802 3295 951 3376 quartam
971 3293 1132 3358 decimam

118 3405 156 3446 ea
180 3383 231 3448 die
255 3383 375 3467 lunam,
398 3383 470 3446 tota
488 3378 568 3444 caeli
587 3343 723 3463 regiensi
738 3381 916 3464 interiecta,
939 3379 1131 3463 longissime
1145 3397 1171 3438 es

119 3492 139 3532 a
163 3476 317 3556 conspect
317 3497 338 3538 u
302 3471 438 3537 tsolis
462 3468 581 3535 afuisse
607 3471 639 3532 et
662 3469 774 3535 stellas
796 3474 876 3535 tunc
899 3466 1020 3535 diurnis
1037 3464 1128 3531 horis
