2400 3938
96 176 162 242 206
341 178 450 230 PAVLI
468 177 592 230 oaosn
610 175 860 229 HISTORIARVM

99 319 231 407 lquitute
268 324 431 386 causante.
476 319 595 406 itaque
632 320 679 385 ibi
715 317 834 385 Caesar
869 317 1149 403 erumpentibnsr
1162 327 1200 368 40

97 411 234 494 desuper
260 409 410 475 hostibus
438 430 586 493 pressus,
614 408 720 473 multa
748 408 909 473 exercitus
939 407 989 472 sni
1019 410 1114 489 parte

63 498 202 582 sperdit
203 518 234 582 a,
256 497 362 563 nictus
383 496 521 582 aufugit
562 497 639 561 dum
661 496 742 562 haee
765 496 806 561 ed
829 495 974 560 Alesiam
998 514 1114 579 gerun-

96 590 164 668 tur,
189 586 445 672 Vercingetorix,
468 606 564 670 quem
587 607 701 650 omncs
724 606 883 650 consensu
905 584 979 668 puri
1001 603 1113 685 regem

96 678 380 760 praeoptanerant,
402 674 530 756 suadet,
552 673 601 738 nti
624 695 664 738 ex
685 676 757 738 totu
781 672 887 738 Gallia
910 693 1033 756 omnes,
1056 671 1112 773 qni
1139 682 1152 722 ⁵

96 785 187 829 arma
212 760 303 828 lferre
325 764 461 848 possint,
483 724 559 828 hnic
577 762 664 828 bello
681 765 812 847 praesa
793 762 906 827 osint
941 760 1004 827 boc
1022 760 1148 825 enimn
1161 772 1200 812 40

97 873 167 918 esse
190 873 290 916 unum
314 852 444 936 bellum,
469 872 533 936 qno
557 854 615 916 aut
636 855 794 935 perpetua
818 851 954 916 libertas
978 851 1111 914 antae

19 957 22 961 ·
62 940 190 1007 stema
212 941 353 1006 semitas
376 943 433 1005 aut
456 962 543 1005 mors
566 940 712 1005 omnium
737 937 968 1023 lconseqnatur.
1002 938 1112 1022 itaque
1129 959 1152 997 r·
1184 956 1197 982 ¹*

97 1029 218 1114 absque
246 1049 284 1094 eo
311 1051 461 1112 numero,
491 1050 587 1115 quem
609 1028 773 1093 infinitum
796 1029 871 1092 ante
895 1030 1113 1112 contraxerat,

96 1119 240 1202 equitnm
264 1118 392 1182 circiter
414 1122 488 1182 octo
511 1117 612 1196 milia,
634 1116 779 1201 peditum
801 1116 941 1182 ducenta
962 1119 996 1180 et
1018 1116 1110 1200 quin·
1126 1127 1153 1166 ¹⁰

61 1219 77 1269 9
96 1207 254 1290 quaginta
276 1205 369 1269 milia
391 1208 559 1270 contracta
582 1209 667 1270 sunt
703 1205 820 1270 dehinc
843 1206 906 1270 dno
925 1205 1024 1270 eolles
1044 1204 1108 1270 sibi

96 1294 236 1358 inuicem
273 1295 431 1358 obuersus
463 1292 601 1358 Romani
634 1292 783 1396 Gallique
817 1296 980 1378 ceperunt
1025 1292 1111 1358 unde

16 1376 20 1384 ’
96 1381 207 1445 multis
237 1403 332 1465 saepe
355 1381 580 1464 eruptionibus
604 1386 637 1446 et
658 1382 759 1448 uariis
782 1382 995 1466 prouentibus
1018 1403 1111 1465 proe-

95 1469 228 1554 liantes,
254 1470 388 1535 tandem
406 1469 546 1534 Romani
568 1471 740 1574 praecipua
764 1469 999 1536 Germanorum
1022 1469 1109 1554 equi-

78 1561 180 1640 tum,
209 1579 290 1642 quos
318 1558 381 1623 sibi
407 1558 595 1623 iamdudum
623 1560 745 1625 amicos
772 1581 858 1626 nune
886 1559 922 1624 in
951 1557 1109 1623 auxilinm
1124 1569 1151 1612 15

43 1659 77 1709 10
92 1647 297 1725 cecinerant,
328 1647 450 1712 uirtute
481 1647 637 1713 uicerunt
681 1647 929 1734 Vercingetorix
957 1646 1024 1712 alia
1056 1646 1108 1711 die

97 1735 302 1821 congregatis
335 1736 502 1822 omnibus,
537 1737 592 1821 qni
623 1735 703 1822 luga
740 1741 925 1822 euaserant,
961 1736 1044 1801 dixit
1075 1756 1111 1800 se

96 1829 259 1890 auctorem
286 1825 374 1889 bona
403 1825 466 1890 fide
496 1825 715 1890 defendendae
744 1825 905 1890 libertatis
932 1827 1032 1910 atque
1062 1824 1109 1888 in·

95 1912 433 2066 {tfflttltmftttt}
458 1913 738 2067 ἷῗέἵέιῖὲιῗιὲῃὲἐ
754 1913 1110 2067 3ῗέιῆοὲῗῇῗὲἰὲ
1124 2014 1152 2056 20

43 2102 75 2150 11
95 2088 223 2173 dedant,
245 2093 395 2172 paratum
418 2089 528 2154 auimo
551 2089 629 2156 fore.
666 2090 774 2174 itaque
792 2025 1110 2173 Gallipuoluntatem,

96 2199 193 2261 qnam
216 2177 338 2261 pudore
366 2177 565 2261 aliquamdiu
592 2182 754 2262 texerant,
782 2178 877 2264 quasi
904 2200 944 2243 ex
971 2178 1109 2245 consilio

97 2266 183 2349 regis
214 2264 433 2350 adsumerent,
462 2266 537 2331 ilico
568 2266 632 2331 sibi
661 2267 790 2331 ueniam
820 2271 1006 2353 precantes,
1036 2288 1110 2331 eum

44 2366 77 2416 12
97 2354 203 2419 solnm
218 2355 309 2418 uelut
323 2358 487 2420 auctorem
501 2376 611 2441 magni
602 2355 756 2420 sceleris
771 2355 970 2421 dediderunt
1000 2354 1110 2420 Bello·

94 2444 194 2533 ungui
222 2444 372 2508 omnibns
400 2442 570 2509 Gallorum
598 2443 789 2529 gentibus
779 2465 926 2528 ipsorum
957 2444 1150 2528 opiniones

94 2528 246 2597 fortiores
273 2532 486 2598 habebantur.
531 2533 567 2598 hi
590 2531 711 2599 Correo
736 2532 815 2597 duce
838 2533 961 2598 bellum
983 2532 1108 2597 instau-

94 2625 170 2685 rant
196 2621 360 2705 sibique
350 2644 385 2686 ιιι
414 2619 505 2686 'hanc
533 2622 675 2704 suscepti
702 2621 782 2686 belli
810 2622 1000 2687 societatem
1029 2621 1147 2685 Am·
1125 2633 1200 2684 «ιο0

95 2709 211 2774 bianos
231 2709 389 2774 Aulercos
409 2709 534 2775 Saletos
553 2709 758 2776 Veliocasses
778 2709 1015 2794 Atrebatasque
1033 2728 1108 2774 con-

95 2796 236 2880 iungunt
263 2801 296 2860 et
318 2797 425 2862 locum
449 2798 609 2881 quendam
632 2798 773 2863 cinctum
797 2802 893 2883 atque
917 2797 1109 2881 impeditum

94 2883 236 2968 undique
263 2885 437 2968 paludibus
461 2887 606 2970 capiunt,
633 2886 871 2971 commissoque
893 2885 1016 2971 proelio
1039 2907 1107 2949 ma·
1122 2902 1150 2942 00

94 2992 193 3056 gnam
216 2971 392 3036 Remorum
420 2995 566 3058 manum,
595 2995 676 3058 quae
704 2975 823 3040 auxilio
846 2975 1001 3040 Romanis
1030 2977 1108 3059 erat,

42 3073 74 3122 13
93 3060 265 3125 trucidant
302 3060 415 3124 deinde
434 3083 507 3126 enm
526 3067 744 3146 opportunum
763 3063 828 3148 ipsi
850 3064 959 3129 locum
981 3062 1108 3128 insidiis

93 3149 676 3304 ll⁰tlttl¹pttl¹tttt
692 3150 1108 3326 ttulgtfftbtn

94 3328 266 3393 commisso
289 3325 413 3412 proelio
432 3325 569 3392 Romani
588 3325 699 3393 Gallos
718 3327 880 3413 fugientes
899 3328 1002 3393 isdem
1020 3329 1107 3394 loco·
1121 3343 1149 3385 00

93 3437 165 3479 rum
188 3416 439 3499 munitionibus,
467 3415 583 3500 quibus
612 3417 713 3482 clausi
736 3417 878 3502 fuerant,
904 3418 1109 3482 incluserunt

40 3513 75 3563 14
94 3509 292 3588 cunctosque
320 3506 360 3569 ad
382 3505 635 3570 internecionem
659 3498 851 3572 cecideiunt.
896 3506 944 3570 ibi
966 3503 1107 3570 Correus
