2370 3960
117 177 182 241 140
218 181 327 230 PAVLI
346 178 469 230 OROSII
486 176 736 229 HISTORIARVM
753 175 836 248 ADV.
855 175 935 230 Pho.
954 178 1010 228 ΠΙΙ
1029 181 1073 230 23.

116 323 257 387 maxime
280 325 406 405 mouet,
429 320 529 406 quod,
554 320 582 384 si
604 321 651 384 ita
674 324 711 385 ut
733 321 769 384 in
792 319 1012 403 superioribus
1035 320 1133 385 bellis

117 411 250 474 euidens
281 410 316 473 in
347 411 577 496 adsurgentem
608 431 706 474 causa
738 412 771 473 et
802 407 894 473 dolor
927 409 1136 493 accendebat,

81 511 97 559 9
117 499 356 564 consultatione
378 521 445 564 non
469 520 550 582 opus
569 500 646 562 erat.
679 501 714 562 at
732 519 820 581 uero,
842 518 915 562 oum
938 497 996 562 alii
1014 497 1137 563 Roma

115 609 232 651 norum
260 591 394 671 propter
421 589 613 672 perpetuam
639 585 763 651 Romae
792 586 998 650 securitatem
1029 586 1140 651 delen·

118 675 193 739 dam
227 698 299 741 esse
331 676 554 757 decernerent,
586 675 642 738 alii
673 696 750 739 uero
780 677 915 757 propter
943 679 1168 758 perpetuams

117 763 285 828 Romanae
310 765 441 828 uirtutis
465 785 590 847 curam,
618 784 715 846 quam
739 763 801 827 sibi
825 784 951 847 semper
974 784 1012 826 ex
1035 764 1141 848 suspi-

121 853 213 918 cione
238 853 383 918 aemulae
411 852 502 917 urbis
530 851 756 936 inpenderent,
783 873 824 916 ne
852 851 947 936 uigor
968 851 1140 916 Romanus

120 943 216 1006 bellis
240 963 367 1024 semper
391 941 550 1005 exercitus
569 941 604 1004 in
622 939 810 1025 languidam
830 940 1002 1024 segnitiem
1021 940 1141 1005 securi·

120 1035 188 1095 tate
199 1034 296 1114 atque
307 1030 374 1094 otio
390 1030 579 1107 solueretur,
587 1029 782 1094 incolumem
792 1025 1027 1113 Carthaginem
1038 1029 1141 1093 statui

122 1142 180 1185 suo
203 1116 453 1202 permittendam
477 1136 547 1182 esse
571 1121 753 1182 censerent:
787 1138 920 1182 causam
941 1138 1009 1181 non
1032 1138 1072 1181 ex
1093 1118 1142 1182 in·
1156 1137 1181 1177 ro

122 1208 444 1272 iuria-lacessentum
461 1204 780 1290 Carthaginiensium
795 1206 851 1270 sed
867 1226 906 1269 ex
920 1205 1142 1271 inconstantia

71 1306 105 1354 10
123 1295 378 1379 torpescentium
401 1295 625 1360 Romanorum
649 1297 754 1359 ortam
777 1294 919 1359 inuenio.
957 1293 1045 1378 quod
1068 1315 1143 1359 cum

122 1385 170 1448 ita
199 1385 254 1466 sit,
283 1405 339 1448 our
367 1381 563 1448 Christianis
592 1383 792 1466 temporibus
820 1383 985 1467 imputant
1010 1383 1143 1448 hebeta-

123 1472 247 1536 tionem
277 1494 315 1538 ac
344 1471 527 1557 robiginem
558 1493 663 1554 suam,
697 1493 760 1556 qua
791 1471 871 1537 foris
905 1472 1019 1556 crassi,
1050 1471 1143 1541 intus

124 1561 212 1625 exesi
236 1560 333 1626 sunt?
357 1561 413 1644 qui
429 1580 527 1644 porro
551 1563 627 1624 ante
651 1564 816 1625 sescentos
834 1560 902 1626 fere
922 1577 1035 1644 annos,
1058 1560 1144 1626 sicut
1158 1578 1181 1620 a

125 1650 175 1714 sui
202 1647 381 1734 lprudentes
409 1650 626 1733 timentesque
653 1649 894 1734 praedixerant,
921 1652 1028 1716 cotem
1050 1649 1144 1713 illam
1161 1679 1181 1717 r.

125 1759 281 1824 magnam
306 1738 488 1822 splendoris
512 1740 545 1802 et
569 1738 727 1803 acuminis
747 1739 798 1803 sui
817 1735 1051 1823 Carthaginem
1072 1758 1144 1822 per-

124 1827 282 1891 diderunt.
691 1883 695 1891 .

72 1925 105 1974 11
193 1914 307 1999 Itaque
336 1915 433 1978 finem
462 1916 621 1980 uolumini
648 1914 780 1998 faciam,
811 1936 852 1980 ne
880 1915 1018 2009 fow‘tan
1044 1914 1144 1978 conli-

127 2003 231 2068 dendo
259 2003 484 2067 uehementius
512 2003 656 2068 discussa
684 2002 725 2067 ad
752 2007 881 2087 tempus
908 2002 1058 2087 robigine
1084 2003 1143 2067 ubi
1157 2022 1181 2063 so

125 2093 346 2156 necessarium
369 2113 505 2157 acumen
524 2091 639 2157 elicere
656 2113 724 2156 non
742 2113 886 2177 possum,
909 2113 1143 2176 superuacuam

127 2181 337 2264 asperitatem
355 2180 529 2244 inueniam.
566 2202 762 2265 quamquam
783 2181 971 2246 obuiantem
991 2179 1143 2264 asperita-

126 2273 192 2333 tem
211 2290 417 2353 nequaquam
441 2290 694 2354 expauescerem,
717 2269 745 2333 si
768 2269 933 2335 interioris
956 2291 1047 2352 spem
1070 2290 1143 2334 acu·

125 2358 224 2422 minis
247 2357 436 2422 inuenirem.

1106 2462 1115 2487 ’ὃ

1012 2496 1115 2561 uvi*

1011 2564 1015 2571 ²
1063 2558 1103 2583 ''t
