2370 3960
97 180 162 243 212
343 184 451 236 savar
470 184 593 236 oaosn
610 187 857 239 nrsromeavn

95 326 241 389 contulit.
278 324 320 390 M.
335 325 498 392 Antonius
519 331 552 393 et
569 328 603 394 P.
619 327 751 394 Cassius
774 330 897 395 tribuni
920 331 1032 415 plebis
1051 354 1108 416 pro

95 411 232 477 Caesare
269 415 522 500 intercedentes,
558 418 770 482 interdicente
801 417 940 491 Lentulo
978 423 1108 486 consule

93 503 181 565 curia
214 503 350 588 foroque
380 505 550 589 prohibiti,
583 506 622 570 ad
656 504 827 570 Caesarem
858 508 999 591 profecti
1034 513 1109 574 sunt

58 588 232 655 30urione
262 593 358 657 simul
382 592 555 677 Caelioque
578 595 817 659 comitantibus,
863 594 987 660 Caesar
1008 597 1107 663 Rubi·

92 701 171 743 cone
204 680 334 745 flumine
367 686 583 766 transmeato,
614 705 690 746 mox
722 686 758 746 ut
788 683 974 748 Ariminum
1008 688 1141 768 uenit,⁵

92 769 233 852 quinque
248 771 406 853 cohortes,
426 792 505 854 quas
524 775 600 835 tunc
620 771 706 834 solas
721 771 873 856 habebat,
891 793 965 836 oum
981 775 1108 858 quibus,

92 863 129 921 ut
153 860 198 922 ait
219 858 338 941 Liuius,
362 860 472 924 orbem
496 863 655 923 terrarum
678 859 810 924 adortus
834 863 892 943 est,
916 861 996 945 quid
1019 863 1107 929 facto

93 969 173 1030 opus
198 952 296 1030 esset,
324 948 458 1012 edocuit.
503 948 675 1031 deplorans
699 949 832 1012 iniurias
857 970 948 1033 suas,
976 971 1108 1016 causam

92 1037 169 1100 belli
193 1037 310 1118 ciuilis,
333 1058 391 1120 pro
415 1037 622 1101 restituendis
646 1037 679 1100 in
701 1037 840 1119 patriam
863 1037 1015 1122 tribunis,
1038 1061 1107 1105 esse

56 1137 73 1184 4
92 1128 230 1188 testatus
251 1129 307 1188 est.
339 1125 412 1188 inde
431 1146 489 1207 per
502 1124 681 1188 Antonium
700 1128 824 1207 septem
843 1124 1004 1210 cohortes,
1024 1145 1142 1212 quae1⁰

92 1213 176 1294 apud
200 1211 385 1275 Sulmonem
409 1212 632 1294 morabantur,
661 1234 680 1275 a
702 1212 852 1277 Lucretio
876 1216 1012 1298 recepit,
1040 1222 1128 1281 tres,

91 1301 245 1382 legiones,
271 1320 353 1380 quae
373 1321 445 1362 cum
463 1299 608 1362 Domitio
628 1299 713 1383 apud
733 1298 910 1365 Corfinium
934 1304 1108 1369 moraban-

90 1391 155 1467 tur,
185 1387 225 1448 ad
250 1408 323 1449 suas
347 1390 457 1468 partes
480 1387 632 1451 traduxit.
678 1387 852 1471 Pompeius
877 1394 975 1473 atque
1000 1394 1108 1458 omnis

91 1478 232 1555 senatus,
252 1473 469 1537 crescentibus
485 1472 634 1539 Caesaris
649 1475 772 1540 uiribus
791 1477 918 1561 trepidi,
936 1483 1108 1564 tamquam

89 1561 186 1625 Italia
200 1562 286 1644 pulsi
301 1563 335 1625 in
351 1561 518 1626 Graeciam
532 1564 718 1648 transuecti,
736 1563 954 1648 Dyrrachium
969 1570 1106 1652 gerendi
1122 1585 1145 1626 1⁵
1169 1653 1172 1656 ἦ

58 1650 170 1713 abelli
199 1651 306 1713 sedem
335 1651 532 1736 delegerunt.
579 1650 698 1716 Caesar
720 1651 860 1717 Romam
888 1655 979 1719 uenit
1006 1679 1108 1742 nega-

90 1742 221 1820 tamque
250 1739 313 1802 sibi
341 1761 379 1802 ex
408 1741 531 1804 aera-rio
560 1740 731 1822 pecuniam
760 1741 872 1805 fractis
902 1743 1029 1809 foribus
1061 1747 1109 1808 in-

90 1826 176 1888 uasit
199 1827 398 1909 protulitque
422 1849 460 1890 ex
479 1849 516 1892 eo
536 1829 606 1891 auri
624 1828 732 1912 pondo
752 1832 906 1912 quattuor
924 1831 1017 1896 milia
1036 1855 1108 1898 cen·

90 1917 161 1978 tum
180 1915 316 1998 triginta
335 1919 367 1978 et
386 1916 537 1999 quinque,
557 1915 684 1998 argenti
698 1916 806 1998 pondo
820 1938 922 2000 prope
936 1924 1108 2004 nongenta

56 1999 197 2065 tmillia.
243 2002 316 2066 inde
350 2003 512 2085 digressus
545 2003 730 2066 Ariminum
763 2003 804 2067 ad
836 2005 997 2092 legiones,
1030 2017 1108 2074 mox
1126 2038 1148 2076 a.
1159 2027 1183 2067 41

91 2090 191 2173 Alpes
205 2093 409 2154 transuectus
423 2089 602 2153 Massiliam
621 2092 719 2173 uenit,
737 2091 778 2153 ad
797 2113 894 2174 quam
915 2116 1109 2180 oppugnan-
1123 2115 1148 2154 21

91 2179 178 2261 dam,
206 2200 263 2240 cur
285 2180 434 2260 receptus
458 2199 523 2240 non
547 2181 644 2259 esset,
673 2176 871 2242 Trebonium
898 2203 973 2246 oum
1000 2185 1108 2249 tribus

92 2267 277 2350 legionibus
308 2267 505 2347 relinquens,
535 2264 576 2329 ad
605 2263 781 2347 Hispanias
812 2270 992 2354 contendit,
1026 2295 1108 2356 quas

92 2353 127 2417 L.
155 2353 309 2418 Afranius
343 2358 375 2416 et
401 2352 444 2416 M.
471 2351 617 2416 Petreius
650 2356 682 2416 et
713 2352 756 2417 M.
779 2353 885 2419 Varro
913 2357 1109 2443 Pompeiani

93 2444 188 2506 duces
217 2465 289 2506 cum
316 2441 498 2524 legionibus
523 2441 722 2504 obtinebant.
768 2442 814 2505 ibi
837 2445 948 2510 multis
971 2449 1108 2529 proeliis
1123 2467 1150 2508 ss

93 2531 257 2594 Petreium
286 2528 520 2612 Afraniumque
551 2532 722 2611 superatos
752 2531 923 2613 conposita
952 2537 1107 2616 pactione

59 2619 225 2681 adimisit.
271 2618 304 2680 in
332 2617 484 2680 ulteriore
509 2637 586 2681 uero
615 2616 773 2700 Hispania
801 2619 880 2683 duas
909 2619 1057 2704 legiones
1087 2649 1107 2690 a

87 2704 130 2767 M.
155 2704 299 2767 Varrone
324 2704 474 2785 suscepit.
517 2704 668 2768 similiter
690 2709 723 2769 et
746 2705 842 2770 duces
866 2707 943 2788 eius,
967 2708 1030 2772 hoc
1056 2718 1107 2778 est

89 2789 186 2854 Curio
213 2789 370 2854 Catonem
394 2789 505 2855 Sicilia
533 2792 669 2874 expulit,
696 2792 849 2858 Valerius
873 2790 1004 2856 Cottam
1030 2796 1107 2864 Sar-

87 2877 184 2959 dinia,
207 2878 409 2942 Tuberonem
433 2878 544 2943 Africa
567 2878 674 2943 Varus
699 2881 801 2946 eiecit.
843 2877 963 2944 Caesar
985 2880 1104 2951 Massi·
1120 2909 1149 2949 eo

85 2966 163 3027 liam
187 2965 321 3046 rediens,
345 2965 511 3030 obsidione
535 2966 692 3031 domitam
715 2969 786 3032 uita
807 2971 935 3032 tantum
954 2971 988 3033 et
1005 2971 1105 3040 liber-

86 3057 153 3116 tate
178 3073 330 3115 concessa
354 3054 469 3116 ceteris
492 3054 588 3117 rebus
612 3055 744 3119 abrasit.

54 3154 71 3201 8
156 3139 202 3204 At
233 3161 309 3202 uero
339 3137 512 3203 Dolabella
544 3142 686 3222 partium
719 3140 867 3208 Caesaris
899 3144 935 3208 in
968 3146 1104 3232 Illyrico

88 3251 146 3313 per
169 3228 338 3292 Octauium
361 3229 393 3288 et
416 3226 573 3290 Libonem
600 3229 706 3293 uictus
730 3230 896 3315 copiisque
919 3239 1037 3301 exutus
1062 3243 1105 3306 ad

87 3317 266 3381 Antonium
296 3314 389 3397 fugit.
435 3312 564 3376 Basilus
595 3317 627 3376 et
657 3313 828 3382 Sallustius
859 3339 929 3383 cam
959 3322 1103 3406 singulis
1118 3347 1146 3387 as

88 3405 280 3487 legionibus,
312 3401 427 3485 quibus
461 3404 645 3483 praeerant,
678 3402 828 3468 similiter
862 3409 894 3469 et
924 3405 1104 3500 Antonius,

87 3491 281 3556 Hortensius
311 3508 435 3574 quoque
466 3488 507 3551 ab
537 3487 647 3551 infimo
679 3493 762 3554 mari
791 3514 864 3556 oum
892 3493 994 3556 classe
1024 3519 1103 3568 eon.
