2400 3938
98 192 165 256 216
338 193 446 245 PAVLI
466 192 589 244 onosn
606 192 855 245 HISTORIARVM

38 351 74 400 10
93 337 215 401 uidiam
230 334 379 400 Caesaris
397 337 554 420 populum
574 335 784 400 concitarent.
812 337 980 418 praeterea
994 335 1106 401 Achil-

93 426 142 490 las
166 425 230 487 dux
253 424 371 509 regius
394 425 537 488 imbutus
562 423 662 487 semel
679 423 815 506 Pompei
839 425 1006 508 sanguine,
1029 422 1106 488 an-

92 513 174 578 saris
193 534 319 596 quoque
334 534 445 577 necem
459 512 685 577 meditabatur.
716 533 792 576 nam
806 513 913 576 iussus
929 513 1106 577 exereitum

92 601 262 684 dimittere,
282 599 334 664 cui
352 605 510 703 praeerat,
528 600 647 685 uiginti
665 599 791 664 milium
810 604 1018 684 armatorum,
1040 622 1107 664 non

39 704 73 753 31
94 689 191 754 modo
215 652 370 772 spieuit
361 690 546 790 imperium,
574 709 686 761 uerum
715 691 748 752 et
775 689 877 753 aciem
900 689 1025 754 direxit.
1070 690 1106 753 in
1135 705 1148 745 5

91 779 163 862 ipso
191 777 315 861 proelio
344 779 435 862 regia
462 777 577 842 1111111
604 776 689 840 forte
718 776 875 841 subducta
903 777 1067 842 iubetur
1058 800 1106 841 11-

92 866 194 932 11111.
226 888 264 930 11
281 866 412 930 11111111
430 888 504 931 cum
522 867 650 947 partem
669 886 811 966 quoque
813 866 904 929 urbis
923 866 1107 948 inuasisset,

92 954 331 1040 quadringenta
360 955 452 1019 milia
482 953 641 1018 librorum
672 954 828 1035 proximis
859 954 943 1019 forte
975 954 1106 1018 aedibus

93 1044 224 1108 condita
241 1043 373 1121 exussit,
397 1042 559 1127 singulare
578 1040 725 1124 profecto
744 1047 989 1107 monumentum
1008 1043 1107 1107 studii

93 1152 251 1214 curaeque
274 1133 448 1213 maiorum,
476 1130 531 1215 qui
558 1133 610 1194 101
632 1132 788 1214 ioniaque
811 1130 996 1196 inlustrium
1019 1131 1107 1215 inge·
1124 1148 1149 1186 10

41 1233 76 1280 31
95 1220 222 1284 niorum
246 1240 345 1302 opera
369 1220 608 1302 congesserant.
647 1218 733 1281 unde
752 1219 931 1302 quamlibet
948 1219 1107 1303 hodieque

92 1308 128 1371 in
150 1307 280 1389 templis
305 1310 425 1390 extent,
448 1327 529 1390 quae
552 1309 586 1370 et
603 1327 664 1370 nos
683 1305 832 1389 uidimus,
851 1308 992 1372 armaria
1009 1308 1107 1372 libro-

92 1417 174 1477 rum,
198 1395 314 1477 quibus
338 1395 473 1479 direptis
497 1395 661 1458 exinanita
684 1416 722 1458 ea
743 1418 763 1458 a
780 1396 902 1460 nostris
920 1396 1108 1461 hominibus

93 1483 214 1547 nostris
238 1483 439 1566 temporibus
463 1485 644 1547 memorent
670 1519 708 1528 -
734 1483 972 1568 quodquidam
996 1506 1109 1548 uerum

94 1574 145 1635 est
166 1608 224 1655 -‚
255 1575 366 1636 tamen
395 1572 563 1636 honestius
594 1570 733 1637 creditur
763 1573 844 1637 alios
874 1574 975 1638 libros
1005 1573 1106 1638 fnisse
1122 1592 1149 1630 15

95 1661 270 1744 quaesitos,
289 1660 345 1744 qui
362 1660 518 1744 pristinas
538 1660 718 1725 studiorum
736 1682 829 1725 curas
851 1658 1108 1745 aemularentur,
1124 1691 1145 1727 1.
1160 1681 1195 1719 1

94 1770 193 1833 quam
212 1749 310 1813 111111
328 1750 429 1813 ullam
447 1748 897 1830 111111111111111011111111,
916 1771 997 1834 quae
1017 1753 1109 1814 extra

95 1837 332 1923 quadringenta
350 1839 440 1902 milia
457 1837 615 1902 librorum
633 1837 734 1901 fuisse
754 1859 791 1902 11
809 1860 867 1920 per
884 1839 946 1903 hoc
967 1839 1108 1902 euasisse

40 1938 76 1986 33
96 1927 252 1991 credatur.
285 1924 405 1990 011111
423 1928 537 2008 postea
554 1924 703 2009 insulam,
722 1926 778 1990 ubi
796 1926 920 1991 Pharos
940 1930 997 2010 est,
1016 1927 1109 2010 cepit.
1101 1956 1139 2022 ,s

49 2036 133 2079 10
162 2014 259 2078 Achil
260 2015 308 2077 las
336 2036 409 2079 cum
437 2013 627 2079 Gabinianis
657 1976 818 2078 militibus
848 2016 946 2080 uenit.
991 2015 1152 2099 ingens
1123 2035 1150 2074 so

94 2123 207 2187 pugna
235 2103 407 2166 commissa
433 2106 495 2166 est:
524 2123 644 2187 magna
667 2102 714 2166 ibi
737 2083 1005 2168 Caesarianorum
1028 2103 1110 2167 mili·

95 2195 166 2254 tum
184 2189 357 2254 multitudo
377 2190 500 2274 cecidit,
524 2211 635 2254 omnes
655 2190 783 2254 stiam
773 2194 822 2255 111
808 2191 925 2257 1111111
911 2195 997 2256 10111
1017 2191 1111 2256 Pom·

42 2290 78 2340 34
96 2279 150 2363 pei
180 2278 341 2342 interfecti
371 2282 456 2343 11111.
503 2276 623 2342 Caesar
652 2279 685 2342 ui
715 2278 936 2344 insistentium
968 2280 1111 2344 hostium

96 2388 227 2452 pressus
244 2367 398 2449 scapham
413 2368 569 2431 escendit:
589 2389 652 2451 qua
665 2388 741 2432 mox
755 2368 896 2452 pondere
916 2369 1112 2452 subsequen-

95 2457 178 2520 tium
198 2459 335 2540 grauma
354 2478 392 2520 ac
411 2477 525 2538 mersa,
547 2477 606 2539 per
624 2455 778 2520 ducentos
796 2478 912 2539 passus
932 2457 972 2521 ad
991 2478 1110 2522 nauem
1124 2474 1150 2515 25

96 2567 162 2609 una
189 2566 287 2608 manu
316 2545 455 2629 eleuata,
484 2566 548 2628 qua
576 2543 705 2608 chartas
733 2545 877 2628 tenebat,
903 2546 1011 2610 nando
1040 2567 1113 2630 per-

98 2634 198 2717 uenit,
221 2655 297 2696 mox
315 2633 426 2697 nauali
446 2633 619 2697 certamine
638 2633 795 2716 pulsatus,
818 2653 939 2717 magna
957 2633 1113 2698 felicitate

44 2726 82 2782 16
101 2723 237 2786 classem
261 2722 385 2804 regiam
403 2725 465 2785 aut
488 2721 644 2805 depressit
663 2725 721 2786 aut
743 2722 838 2805 cepit.
876 2718 1112 2787 *Alexandrinis
1126 2751 1149 2788 a.
1164 2739 1198 2779 1·

99 2810 287 2894 petentibus
315 2829 424 2894 regem
452 2809 593 2875 reddidit
615 2810 789 2892 monitum,
816 2814 854 2875 ut
877 2810 981 2894 magis
1005 2809 1114 2874 amici-

99 2898 181 2962 tiam
203 2896 386 2961 Romanam
410 2920 506 2982 quam
531 2920 622 2962 arma
646 2898 784 2982 experiri
808 2899 963 2984 studeret;
986 2897 1042 2982 qui
1064 2901 1113 2962 ta·
1128 2917 1156 2956 11

100 3007 175 3049 men
203 2985 279 3050 ilico
307 2989 344 3048 ut
371 2986 453 3050 liber
479 2987 542 3050 fuit
569 2986 692 3051 bellum
719 2987 845 3070 intulit,
876 2987 932 3052 sed
960 2986 1114 3051 continuo

100 3095 173 3138 cum
202 3078 273 3139 toto
302 3075 444 3138 exercitu
472 3096 530 3140 suo
560 3077 593 3139 et
619 3074 689 3159 ipse
718 3075 841 3139 deletus
865 3078 924 3140 est.
969 3097 1046 3140 nam
1069 3073 1115 3137 11-

101 3163 185 3248 ginti
218 3163 310 3226 milia
341 3162 511 3227 hominum
542 3163 577 3228 in
609 3185 647 3228 eo
680 3163 767 3228 bello
800 3185 895 3229 caesa
923 3163 1116 3244 referuntur,

101 3252 271 3317 duodecim
285 3251 376 3315 milia
395 3273 467 3315 cum
488 3252 695 3337 septuaginta
713 3252 820 3336 longis
840 3253 978 3317 nauibus
997 3251 1117 3334 dedita,

67 3339 274 3424 aquingenti
303 3361 342 3403 ex
369 3339 546 3404 uictoribus
575 3339 727 3405 cecidisse
755 3340 916 3406 dicuntur.
960 3362 1016 3405 rex
1046 3340 1116 3423 ipse
1130 3358 1158 3398 as

101 3428 288 3493 adulescens
308 3428 428 3511 scapha
446 3432 660 3513 exceptus'ut
681 3427 816 3514 fugeret,
839 3429 951 3494 multis
974 3428 1117 3494 insilien-

100 3516 189 3580 tibus
225 3537 349 3580 mersus
383 3519 580 3601 necatusque
615 3521 679 3603 est3
714 3539 829 3603 corpus
861 3518 929 3583 eius
967 3518 1008 3582 ad
1039 3517 1117 3582 litus
