2370 3960
94 195 160 259 220
342 195 452 246 Psvu
469 193 593 245 ouosn
610 191 860 243 meromfflvu

93 361 203 424 pugna
226 358 366 422 magnae
389 336 551 419 utrimque
574 339 701 419 strages
725 337 816 398 actae
839 336 924 397 sunt
968 352 1110 414 namque

93 435 169 492 tunc
197 428 243 491 ibi
261 426 392 490 Hirtius
416 425 530 490 consul
557 424 684 489 occisus
712 427 776 505 est,
803 422 906 486 nictus
933 419 1022 504 fugit
1044 420 1111 483 An·

93 517 215 598 tonius,
244 513 365 579 Caesar
391 513 530 578 uictoria
551 512 676 596 potitus
698 515 761 590 est,
790 510 842 574 cui
864 508 903 573 D.
927 509 1049 573 Brutus
1073 507 1126 571 de'

94 605 317 669 coniuratione
331 602 431 668 occisi
444 601 509 664 Iuli
519 597 666 664 Caesaris
681 600 848 664 confessus
866 596 984 681 lpreces
997 595 1112 679 paeni·
1130 624 1151 660 n
1164 613 1184 651 4¹

60 692 216 756 fitentiae
244 691 337 755 fudit
381 688 555 755 Dolabella
578 688 791 768 Trebonium,
818 708 919 750 unum
946 707 985 748 ex
1012 686 1111 748 iuter·
1140 703 1153 740 ⁵

93 780 272 844 factoribus
303 776 465 861 Caesaris,
497 776 657 860 Zmyrnae
687 775 861 840 interfecit.
906 773 1113 838 Dolabellam

97 872 228 933 senatus
242 869 370 933 hostem
383 866 618 950 pronuntiauit
649 865 820 928 consulum
835 862 1013 927 occisorum
1027 864 1113 925 uter·

63 969 76 1015 7
98 978 160 1040 que
175 959 333 1023 exercitus
348 953 481 1022 Caesari
494 954 611 1037 paruit
637 956 752 1036 postea
765 951 805 1016 D.
819 950 941 1015 Brutus
955 950 990 1014 in
1004 947 1114 1012 Gallia

97 1068 116 1109 a
150 1043 308 1129 Sequanis
341 1047 456 1128 captus
489 1045 522 1106 et
553 1041 680 1106 occisus
712 1044 772 1106 est.
826 1039 956 1103 Basilus
994 1042 1114 1119 autem,

97 1156 197 1217 aeque
221 1155 305 1198 unus
328 1133 367 1196 de
389 1130 642 1215 percussoribus,
665 1150 765 1193 manu
788 1149 957 1192 seruorum
981 1147 1114 1190 suorum
1129 1144 1155 1184 10

64 1225 233 1285 anacetus
253 1223 311 1283 est.
346 1219 470 1301 Lepido
494 1219 694 1300 satisagente
718 1213 839 1280 Caesar
864 1216 1043 1280 Antonium
1066 1236 1116 1278 re-

97 1309 182 1389 cepit
205 1309 239 1370 in
264 1306 404 1389 gratiam
428 1309 525 1389 atque
549 1306 591 1368 ob
614 1304 710 1368 fidem
733 1303 964 1368 reconciliatae
988 1290 1115 1388 gratiae

61 1410 76 1455 a
96 1395 196 1457 filiam
221 1395 287 1457 eius
311 1393 520 1457 matrimonio
545 1392 679 1457 sortitus
703 1396 760 1455 est
801 1391 876 1454 inde
900 1413 973 1456 cum
997 1390 1038 1454 ad
1065 1413 1116 1454 ur-

96 1484 170 1546 bem
204 1481 417 1545 accessissent
450 1501 487 1544 ac
518 1502 630 1544 rumor
663 1480 701 1544 de
733 1479 845 1543 futura
877 1480 1116 1563 proscriptione

98 1573 187 1634 ortus
221 1571 321 1652 esset,
358 1567 392 1634 C.
421 1568 604 1634 Thoranius
636 1568 688 1632 uir
720 1568 902 1651 praetorius
935 1567 1018 1631 nihil
1050 1567 1117 1631 tale
1133 1584 1157 1624 15

98 1662 243 1721 metuens
273 1658 406 1726 incursu
439 1658 582 1721 militurn
615 1656 704 1722 domi
736 1677 812 1721 suae
844 1655 1035 1720 interfectus
1068 1660 1118 1720 est

50 1761 81 1807 10
101 1744 220 1828 aliique
241 1747 411 1829 conplures
426 1745 579 1811 trucidati
593 1748 677 1810 suut.
704 1745 824 1829 itaque,
843 1766 883 1808 ne
902 1744 1001 1808 latius
1021 1746 1118 1828 atque

98 1833 284 1898 effrenatius
304 1834 584 1918 incircumscripta
598 1833 710 1898 caedes
730 1838 891 1917 ageretur,
910 1837 1042 1897 centum
1059 1833 1116 1896 tri·

98 1920 190 2005 ginta
214 1926 247 1985 et
270 1921 368 1987 duum
393 1926 579 1987 senatorum
602 1922 736 1986 nomina
759 1923 794 1986 in
816 1920 929 1985 tabula
948 1920 1119 2003 proposita

99 2012 183 2091 sunt,
208 2010 349 2092 primurn
369 2008 483 2093 Lepidi
505 2014 680 2093 praecepto
699 2013 732 2072 et
750 2011 891 2092 nomine,
915 2007 1030 2073 deinde
1049 2008 1117 2072 An-
1132 2025 1159 2064 20

47 2112 77 2158 11
98 2098 191 2177 tonii,
209 2097 305 2162 tertio
325 2095 485 2162 Caesaris.
515 2097 562 2161 ibi
581 2097 744 2162 Antonius
766 2097 908 2161 Tullium
927 2094 1116 2162 Ciceronem

97 2185 264 2249 inimicum
289 2207 396 2268 suum,
423 2185 470 2249 ibi
493 2185 528 2249 L.
552 2183 725 2249 Caesarem
748 2185 944 2249 auunculum
968 2207 1062 2249 suum
1086 2189 1119 2249 et
1164 2215 1169 2224 ·

98 2274 251 2357 —quod
279 2273 504 2358 exaggerando
533 2272 645 2337 sceleri
673 2274 809 2338 accessit
839 2309 881 2320 -
910 2275 987 2338 uiua
1013 2275 1118 2336 matre

98 2361 346 2446 proscripserat3
370 2361 418 2425 ibi
434 2360 576 2442 Lepidus
594 2361 631 2425 L.
650 2361 789 2426 Paulum
811 2360 948 2426 fratrem
971 2383 1066 2426 suum
1083 2361 1119 2425 in

50 2464 82 2510 12
103 2450 239 2514 eundem
258 2449 513 2533 proscriptorum
532 2469 665 2535 gregem
684 2451 874 2515 coniecerat.
906 2450 1023 2515 adiecti
1042 2453 1118 2514 sunt
1132 2465 1158 2506 2⁵

101 2543 217 2620 postea
251 2536 298 2602 lad
329 2557 499 2602 numerum
531 2537 790 2622 proscriptorum
822 2538 959 2622 triginta
992 2539 1117 2622 equites
1136 2565 1158 2602 n·
1175 2573 1185 2588 „

101 2624 250 2690 Romani.
295 2625 416 2689 multae
445 2624 499 2689 diu
527 2630 561 2688 et
586 2627 698 2691 uariae
725 2626 839 2691 caedes
867 2631 973 2707 actae,
1003 2625 1118 2691 domus

50 2726 81 2772 13
101 2715 358 2796 proscriptorum
381 2712 513 2796 direptis
536 2714 687 2778 omnibus
706 2713 831 2778 dirutae
849 2716 933 2776 sunt
965 2716 1001 2774 at
1017 2712 1120 2777 Dola·

99 2799 185 2862 bella
209 2801 243 2862 in
267 2798 362 2883 Syria
386 2800 489 2865 multa
512 2823 585 2866 cum
609 2800 722 2866 Cassio
752 2800 838 2864 bella
864 2798 981 2880 gessit,
1009 2820 1029 2861 a
1051 2821 1117 2882 quo

99 2886 204 2949 irietus
235 2887 304 2969 ipse
335 2907 369 2951 se
399 2888 568 2953 interfecit
613 2887 735 2952 Brutus
763 2891 796 2950 et
824 2883 957 2949 Cassius
985 2888 1116 2970 magnis
1131 2907 1159 2945 so

99 2974 294 3038 exercitibus
322 2976 509 3058 conparatis
538 2975 623 3058 apud
646 2974 794 3039 Athenas
822 2977 1044 3038 conuenerunt
1066 2978 1118 3040 to-

99 3067 231 3146 tamque
260 3060 429 3127 Graeciam
458 3062 649 3146 depopulati
678 3066 762 3126 sunt
807 3059 953 3126 Rhodios
983 3060 1118 3129 Cassius

100 3155 187 3215 terra
210 3151 353 3235 marique
376 3154 585 3235 oppugnatos
608 3149 659 3214 ad·
672 3148 871 3215 deditionem
898 3151 1020 3235 coegit,
1047 3154 1117 3236 qui-

51 3253 82 3301 14
103 3238 165 3304 bus
189 3243 316 3323 praeter
338 3239 441 3303 uitam
463 3236 545 3302 nihil
564 3236 703 3320 reliquit
738 3238 842 3322 igitur
860 3236 981 3304 Caesar
1000 3244 1033 3304 et
1049 3241 1117 3304 An-

103 3329 212 3391 tonius
241 3326 371 3393 eosdem
398 3327 433 3392 iu
463 3323 688 3391 Macedoniani
716 3327 846 3411 magnis
875 3327 1038 3393 bellorum
1060 3349 1117 3412 ap·
1131 3346 1159 3386 se

102 3416 270 3517 paratibus
294 3413 467 3518 porseputi,
489 3413 531 3479 ad
554 3419 692 3478 mortem
715 3415 943 3517 conpulcruut3
965 3417 1117 3516 quamuis

101 3503 364 3569 nrarnfestrssrmo
387 3502 445 3568 illa
466 3507 544 3567 tunc
566 3520 677 3587 pugna
698 3522 766 3568 non
783 3506 908 3570 uirtute
924 3506 1029 3588 partis
1048 3503 1116 3566 An-
