2370 3960
102 195 168 258 244
347 197 456 248 Pavur
475 195 598 248 oaosn
615 195 866 248 mesonmavu

102 340 240 406 conuelli
259 361 387 424 quoquo
408 339 504 404 modo
524 340 618 425 signa
635 340 801 405 moueriue
820 343 1007 424 potuerunt.
1031 360 1113 404 exer-

101 431 182 493 citus
211 432 305 492 tanta
332 431 366 491 et
392 431 461 492 tam
489 429 646 494 inusitata
672 428 822 493 miraculi
849 428 912 492 fide
943 432 1054 494 motus
1083 433 1114 503 et

101 539 274 582 conuersus
293 517 328 580 in
345 516 581 601 paenitentiam
601 514 850 582 Scribonianum
869 516 985 600 quinta
1004 517 1115 581 statim

101 605 151 669 die
182 606 374 670 destitutum
404 605 569 689 interfecit
598 627 730 691 seseque
761 609 964 671 sacramento
997 605 1114 689 prioris

65 704 80 751 8
101 695 235 758 militiae
260 694 429 759 continuit.
463 694 592 759 tristius
612 715 649 759 ae
666 694 879 778 perniciosius
898 694 972 758 urbi
991 693 1115 759 Romae
1139 709 1150 750 ⁵

100 783 184 847 nihil
212 805 367 867 umquam
394 782 495 847 fuisse
524 805 622 867 quam
650 783 736 848 bella
763 782 873 847 ciuilia
897 782 978 847 satis
1002 786 1117 847 notum

101 876 159 938 est.
195 873 306 957 itaque
328 874 462 955 propter
485 870 662 936 aduentum
685 871 826 956 apostoli
844 869 935 935 Petri
954 874 988 935 et
1005 875 1118 936 tenera

101 959 360 1025 Christianorum
389 959 535 1044 germina
562 960 694 1025 uixdum
722 960 827 1024 adhuo
850 981 956 1044 pausa
979 959 1021 1025 ad
1045 981 1117 1025 san·

102 1054 172 1114 otae
204 1048 277 1113 fidei
306 1048 543 1132 professionem
573 1049 775 1132 erumpentia
804 1048 889 1113 hano
918 1049 1117 1113 exorientem

101 1137 309 1221 tyrannidem
339 1140 372 1200 et
399 1158 599 1221 consurgens
627 1137 715 1201 istud
742 1137 837 1202 ciuile
867 1137 990 1201 bellum
1020 1141 1118 1222 neget
1131 1153 1155 1194 1⁰

101 1227 272 1309 quisquam
300 1225 456 1289 diuinitus
484 1246 554 1289 esse
583 1246 801 1309 conpressum.
851 1225 907 1310 qui
933 1226 1118 1309 praeteritis

101 1313 302 1395 temporibus
332 1312 370 1375 de
398 1313 624 1396 conpressione
652 1313 812 1378 bellorum
839 1313 984 1379 ciuilium
1014 1314 1119 1379 simile

102 1401 248 1484 probarit
272 1401 461 1483 exemplum.

66 1501 81 1547 9
169 1487 323 1553 Claudius
347 1491 462 1574 quarto
485 1490 613 1573 imperii
637 1490 688 1554 sui
716 1509 816 1575 anno,
845 1491 976 1575 cupiens
1004 1491 1119 1556 utilem

101 1577 299 1661 reipublicae
328 1581 492 1643 ostentare
515 1599 546 1644 se
568 1578 763 1663 principem,
790 1579 912 1643 bellum
939 1579 1061 1664 ubique
1085 1583 1156 1645 et1⁵

100 1668 272 1732 uictoriam
295 1667 516 1753 undecumque
540 1668 709 1754 quaesiuit.
745 1667 855 1752 itaque
880 1668 1119 1751 expeditionem
1169 1675 1171 1679 ’

103 1757 137 1819 in
156 1755 362 1820 Britanniam
382 1757 494 1841 mouit,
517 1779 599 1842 quae
623 1756 764 1822 excitata
786 1757 822 1820 in
844 1755 1021 1822 tumultum
1045 1780 1118 1842 pro·

103 1849 175 1930 pter
198 1867 265 1909 non
287 1845 468 1911 redhibitos
491 1846 679 1929 transfugas
703 1844 888 1916 uidebatur:
912 1849 1118 1911 transuectus

101 1935 136 1998 in
164 1935 305 1998 insulam
333 1937 396 2016 est,
428 1956 526 2018 quam
556 1955 660 2018 neque
691 1936 766 1998 ante
795 1933 915 1998 Iulium
945 1931 1118 2000 Gaesarem

48 2031 82 2078 10
102 2045 206 2108 neque
229 2026 305 2105 post
327 2042 400 2085 eum
424 2022 596 2106 quisquam
620 2021 707 2086 adire
738 2043 835 2087 ausus
862 2022 981 2106 fuerat,
1008 2023 1118 2108 ibique
1133 2038 1158 2079 2⁰

104 2146 145 2157 —
170 2115 207 2173 ut
233 2110 341 2174 uerbis
371 2109 508 2175 Suetoni
530 2109 709 2193 Tranquilli
736 2111 852 2195 loquar
878 2148 916 2157 —
942 2110 1024 2177 ‘sine
1052 2113 1119 2176 ullo

105 2198 228 2280 proelio
252 2219 290 2261 ac
313 2197 471 2283 sanguine
493 2198 580 2263 intra
606 2197 821 2282 paucissimos
850 2198 918 2264 dies
945 2201 1120 2285 plurimam

103 2286 229 2349 insulae
253 2287 438 2370 partemin
462 2286 657 2352 deditionem
680 2287 822 2371 recepit'.
860 2287 1002 2354 Orcadas
1021 2290 1120 2354 etiam

103 2375 226 2440 insulas
257 2376 344 2441 ultra
366 2375 573 2441 Britanniam
600 2377 636 2440 in
664 2375 794 2442 Oceano
821 2378 946 2462 positas
968 2377 1119 2443 Romano

104 2465 221 2530 adiecit
250 2465 387 2550 imperio
417 2487 454 2530 ac
483 2470 574 2532 sexto
602 2486 699 2553 quam
727 2467 892 2550 profectus
915 2471 986 2532 erat
1008 2488 1119 2531 mense
1133 2480 1159 2524 25

103 2553 244 2618 Romam
266 2555 369 2619 rediit.

50 2653 82 2698 11
173 2642 366 2708 Conferatur
395 2665 495 2728 nune,
524 2644 552 2709 si
579 2645 730 2728 cuiquam
752 2645 873 2728 placet,
902 2644 961 2709 sub
984 2664 1049 2708 una
1072 2646 1119 2709 in-

104 2731 177 2792 sula
200 2735 328 2814 tempus
352 2736 384 2796 et
407 2736 551 2816 tempus,
574 2733 698 2798 bellum
722 2736 755 2797 et
779 2728 917 2814 lbellum,
941 2731 1063 2794 Caesar
1086 2737 1119 2797 et
1138 2761 1159 2798 r·
1176 2771 1185 2786 κ

102 2815 222 2880 Caesar
246 2854 288 2863 -
312 2840 388 2882 nam
412 2819 450 2882 de
473 2821 536 2884 fine
559 2821 606 2885 nil
628 2820 767 2902 confero,
787 2819 939 2902 quoniam
961 2817 1023 2880 hoo
1045 2817 1116 2882 feli-

102 2905 234 2967 cissima
262 2906 412 2989 uictoria,
442 2906 523 2970 illud
554 2907 763 2972 acerbissima
793 2905 900 2969 clades
930 2904 1055 2969 fuit-
1083 2911 1117 2971 et
1131 2925 1158 2978 so

102 2992 148 3056 sio
173 2992 301 3056 demum
318 2992 426 3056 Roma
449 2997 634 3078 eognoscat,
656 3016 716 3078 per
737 2993 807 3058 eius
830 2993 986 3058 latentem
1008 2996 1116 3079 proui-

103 3082 247 3145 dentiam
274 3081 309 3145 in
337 3080 472 3165 agendis
499 3082 595 3146 rebus
623 3085 720 3146 antec
743 3103 776 3146 se
799 3085 928 3166 partem
951 3084 1115 3150 felicitatis

91 3171 267 3254 babuisse,
285 3170 374 3235 ouius
394 3169 563 3258 agnitione
583 3174 734 3254 suscepta
752 3171 946 3255 plenissima
960 3175 1116 3240 felicitate

103 3261 289 3345 perfruitur,
301 3261 337 3325 in
351 3261 507 3344 quantum
520 3280 586 3323 non
600 3263 711 3324 tamen
725 3261 1002 3347 blasphemiarum
1016 3264 1116 3328 offen·

104 3348 217 3414 dieulis
242 3349 444 3433 deprauatur.
1130 3367 1156 3408 ³⁵

50 3448 83 3494 12
170 3437 294 3504 Eodem
325 3460 409 3504 anno
440 3437 567 3522 imperii
596 3436 667 3502 eius
701 3438 804 3504 fames
835 3439 1028 3526 grauissima
1058 3458 1116 3520 per

103 3523 230 3609 Syriam
260 3527 349 3592 facta
379 3529 441 3611 est,
471 3549 568 3611 quam
599 3527 698 3591 etiam
725 3529 903 3612 prophetae
932 3525 1115 3613 praenunti-
