2370 3960
276 214 282 223 -
311 187 508 239 huvnasvu
525 188 690 240 proauos
709 191 763 240 vu
781 194 825 243 43.
1008 189 1072 253 301

59 332 222 415 pugnaret
239 333 272 394 et
290 329 447 395 Romanis
466 331 628 396 uinceret..
655 333 803 416 quamuis
828 335 862 397 et
884 334 981 397 ceteri
1000 332 1076 397 Ala·
1098 348 1131 395 14

59 440 178 483 norum
185 417 408 484 Vandalcrum
419 417 661 509 Sueborumque
675 442 767 505 reges
782 421 894 485 eodem
907 422 1076 486 nobiscum

60 507 183 589 placito
208 506 334 591 depacti
355 508 463 572 forent
486 509 679 573 mandantes
702 509 893 592 imperatori
915 509 1077 575 Honorio:

60 600 101 660 tu
130 617 213 660 cum
242 596 418 660 omnibus
447 618 579 681 pacem
607 597 704 661 habe
736 596 981 683 omnirimque
1013 600 1077 664 ob-

34 683 165 749 esides
185 685 329 769 accipe,
353 706 422 750 nos
442 685 554 750 nobis
574 685 843 770 confligimus,
861 687 974 764 nobis
994 710 1077 771 per-

60 773 173 856 imuS,
205 772 280 837 tibi
312 774 517 857 uincimus,
550 774 764 839 immortali
790 797 881 840 uero
914 780 1077 858 quaestu

60 861 303 945 reipublicae
322 865 426 946 tuae,
446 863 477 926 si
496 863 651 947 utrique
669 885 879 947 pereamus.
912 864 983 948 quis
997 864 1077 928 haec
1097 879 1130 926 15

61 951 218 1031 crederet,
248 951 314 1015 nisi
336 971 387 1015 res
411 951 563 1016 doceret?
591 952 701 1035 itaque
723 974 809 1016 nunc
833 952 967 1017 cottidie
992 953 1077 1035 apud

60 1037 239 1122 Hispanias
268 1040 337 1123 geri
367 1040 453 1105 bella
484 1040 631 1125 gentium
661 1044 694 1106 et
724 1042 778 1126 agi
808 1043 934 1125 strages
965 1063 1004 1104 ex
1030 1042 1077 1104 al-

24 1148 48 1188 ιο
61 1132 185 1192 terutro
205 1128 420 1193 barbarorum
443 1129 562 1193 crebris
585 1128 745 1212 certisque
768 1130 891 1194 nuntiis
915 1129 1077 1213 discimus,

60 1216 234 1300 praecipue
248 1216 394 1281 Valliam
408 1216 591 1282 Gothorum
604 1237 715 1301 regem
730 1218 880 1283 insistere
899 1219 1076 1301 patrandae

60 1305 135 1388 paci
152 1305 270 1371 ferunt
307 1327 346 1370 ex
366 1327 429 1389 quo
449 1309 623 1391 utcumque
642 1308 863 1390 concesserim,
886 1311 923 1371 ut
941 1308 1077 1371 licenter
1098 1323 1129 1370 16

62 1390 252 1459 Christiana
279 1397 426 1478 tempora
453 1393 744 1479 reprehendantur,
773 1396 801 1460 si
829 1395 906 1481 quid
928 1418 948 1459 a
971 1397 1076 1461 condi-

11 1501 48 1542 ssi
60 1482 151 1547 tione
179 1482 291 1548 mundi
318 1504 419 1568 usque
447 1483 488 1547 ad
514 1505 601 1548 nunc
629 1484 728 1548 simili
755 1484 880 1550 factum
911 1482 1076 1549 felicitalte

23 1590 48 1631 15
62 1571 225 1656 doceatur.
270 1572 561 1656 manifestauimus,
584 1576 621 1636 ut
644 1572 793 1655 arbitror,
817 1577 914 1658 atque
939 1575 1129 1638 ostendi-17

62 1682 135 1724 mus
163 1682 231 1725 non
259 1661 364 1745 magis
393 1661 493 1725 uerbo
522 1682 623 1744 paene
652 1682 750 1745 quam
779 1660 882 1744 digito
905 1661 1076 1725 innumera

62 1749 151 1815 bella
175 1749 298 1834 sopita,
324 1751 481 1832 plurimos
505 1749 664 1815 extinctos
687 1753 860 1832 tyrannos,
884 1770 1074 1831 conpressas

62 1843 297 1923 coangustatas
316 1837 461 1903 addictas
476 1838 720 1922 exinanitasque
734 1837 986 1902 immanissimas
1001 1857 1076 1921 gen-

61 1929 113 1990 tes
136 1926 271 1991 minimo
296 1926 466 2012 sanguine,
493 1926 585 1992 nullo
614 1926 790 1991 certamine
819 1948 857 1991 ac
880 1948 982 2010 paene
1006 1927 1075 1990 sine

22 2035 49 2075 ao
62 2015 169 2081 caede.
214 2017 361 2099 superest
387 2019 424 2080 ut
451 2015 684 2080 obtrectatores
712 2019 841 2080 nostros
870 2014 1075 2080 molitionum
1098 2013 1129 2080 18

63 2125 197 2168 suarum
220 2104 385 2187 paeniteat
407 2104 601 2188 ueritatique
625 2105 820 2169 erubescant
836 2103 1005 2188 Deumque
1025 2125 1077 2167 ue-

62 2214 137 2256 rum
161 2196 195 2257 et
217 2192 332 2277 solum,
356 2193 410 2277 qui
429 2196 539 2276 potest
558 2193 677 2277 omnia,
701 2193 834 2258 credant
852 2194 987 2257 timeant
1006 2192 1076 2256 dili-

64 2285 145 2365 gant
168 2284 202 2345 et
224 2283 410 2365 sequuntur,
433 2281 524 2346 cuius
550 2282 669 2366 omnia,
692 2287 725 2346 et
743 2304 824 2367 quae
843 2282 931 2346 mala
949 2285 1077 2366 putant,

62 2369 151 2434 bona
175 2391 246 2435 esse
269 2369 457 2436 didicerunt.

25 2477 50 2518 ss
129 2457 282 2543 Explicui
309 2459 484 2524 adiuuante
507 2457 639 2526 Christo
668 2459 841 2523 secundum
868 2461 1076 2542 praeceptum
1098 2475 1129 2522 19

62 2550 167 2632 tuum,
180 2547 368 2613 beatissime
378 2550 471 2631 pater
480 2546 672 2633 Augustino,
687 2547 728 2611 ab
740 2546 833 2611 initio
847 2545 961 2610 mundi
975 2567 1076 2629 usque

62 2636 98 2700 in
119 2639 323 2720 praesentem
345 2636 439 2720 diem,
464 2636 528 2701 hoc
548 2639 598 2701 est
618 2658 676 2720 per
697 2657 799 2700 annos
821 2635 961 2719 quinque
987 2635 1077 2698 milia

64 2728 230 2790 sescentos
245 2724 355 2789 decem
369 2728 403 2789 et
416 2728 501 2809 octo,
519 2725 712 2809 cupiditates
728 2727 760 2789 et
773 2723 958 2809 punitiones
972 2723 1077 2787 homi-

64 2834 144 2878 num
165 2816 380 2897 peccatorum,
406 2813 662 2879 conflictationes
684 2814 805 2878 saeculi
825 2815 858 2877 et
878 2810 994 2878 iudicia
1015 2811 1077 2876 Dei

28 2919 54 2962 sc
67 2923 165 2986 quam
177 2901 370 2967 breuissime
389 2905 422 2966 et
440 2923 538 2986 quam
557 2902 796 2986 simplicissime
818 2902 920 2985 potui,
944 2899 1078 2965 Christi·

66 2991 137 3056 anis
150 2994 262 3056 tamen
270 2990 473 3075 temporibus
483 2995 617 3076 propter
626 2994 830 3075 praesentem
839 2991 944 3075 magis
955 2989 1077 3055 Christi

65 3081 208 3165 grauun
227 3080 268 3146 ab
289 3079 348 3144 illa
369 3079 603 3145 incredulitatis
627 3080 818 3146 confusione
837 3080 991 3144 discretis.
1029 3078 1077 3140 ita
1096 3094 1130 3142 ac

63 3167 130 3232 iam
145 3189 207 3254 ego
227 3172 315 3234 certo
330 3172 364 3233 ct
377 3169 456 3251 solo,
476 3190 571 3252 quem
586 3169 811 3252 concupiscere
826 3167 929 3250 debui,
948 3164 1076 3232 oboedi-

65 3257 173 3322 entiae
192 3277 284 3322 meae
302 3257 409 3322 furctu
427 3257 532 3342 fruor,
550 3257 589 3322 de
609 3258 764 3341 qualitate
784 3258 892 3320 autern
907 3254 1076 3338 opusculo-

26 3361 52 3403 85
64 3367 136 3410 rum
150 3351 186 3412 tu
206 3344 327 3410 uideris
347 3346 404 3431 qui
421 3346 624 3431 praecepisti,
642 3345 703 3410 tibi
721 3343 935 3409 adiudicanda
949 3343 976 3406 si
991 3341 1076 3425 edas,

63 3455 122 3518 per
138 3439 173 3501 te
191 3433 335 3501 iudicata
352 3434 381 3500 si
399 3434 515 3500 deleas.

464 3560 677 3570 .-—.--——-—
