2370 3960
91 181 153 245 122
337 181 444 234 rrvnr
463 181 585 236 oaosn
602 158 850 236 meroanavn
908 188 915 197 ’

88 326 248 479 prpplium
271 327 483 479 gtplsltuptest,
506 326 541 479 ip
564 347 627 410 quo
651 327 747 410 plane
770 326 986 411 quadraginta
1009 328 1103 396 milia

117 437 136 480 a
163 436 256 478 orum
333 435 363 478 cr
385 435 440 479 aa
464 437 548 480 sun.

36 506 67 556 11
155 501 309 586 Sequenti
332 524 419 568 anno
441 503 583 570 Manlius
602 504 783 589 Torquatus
807 507 840 570 et
857 502 991 570 Fuluius
1010 503 1104 572 Flac·

87 612 143 655 ous
172 591 322 657 eonsules
345 592 443 676 primi
466 597 556 658 trans
580 593 707 658 Padum
729 593 893 658 Romanas
916 593 1036 659 duxere
1060 596 1104 660 le-

87 678 211 762 giones.
249 683 430 766 pugnatum
448 685 498 746 est
520 682 659 746 ibicum
677 681 867 748 Insubribus
887 680 1002 767 Gallis,
1025 705 1104 768 quo·
1132 698 1145 740 ὁ

86 788 159 831 rum
182 768 352 834 interfecta
376 773 451 834 sunt
473 770 593 856 uiginti
615 771 681 836 tria
708 771 813 855 milia,
841 770 989 855 quinque
1011 771 1104 839 milia

33 938 36 943 Ι
87 859 184 942 capta
208 860 291 922 sunt.
545 934 549 941 Ι

28 950 68 1005 '12
154 945 205 1011 Eo
225 946 338 1011 deinde
358 968 452 1030 anno,
472 947 527 1031 qui
544 946 619 1012 huic
636 947 804 1031 proximus
823 947 895 1032 fuit,
918 947 989 1013 dira
1006 948 1104 1014 mise·
1154 1000 1157 1005 .

86 1056 158 1100 ram
185 1036 299 1099 urbem
320 1037 463 1101 terruere
485 1036 648 1121 prodigia:
681 1037 833 1102 miseram
860 1036 985 1121 utique,
1019 1058 1103 1121 quse

87 1122 162 1187 hinc
185 1123 318 1187 fremitu
340 1122 499 1208 hostium,
522 1123 596 1190 inde
618 1125 764 1208 nequitia
787 1124 980 1190 daemonum
1002 1127 1144 1190 terre-1⁰

87 1211 196 1294 batur,
225 1233 363 1296 namque
391 1212 426 1277 in
447 1211 565 1277 Piceno
594 1212 715 1278 flumen
738 1213 896 1297 sanguine
919 1212 1045 1277 effluxit
1068 1217 1103 1278 et

88 1300 173 1384 apud
189 1298 313 1365 Tuscos
333 1300 460 1365 eaelum
479 1301 590 1366 ardere
609 1300 715 1365 uisum
735 1304 785 1366 est
800 1304 832 1365 et
846 1299 992 1366 Arimini·
1005 1305 1102 1368 noote

88 1388 194 1452 multa
216 1388 321 1452 lucem
344 1388 465 1454 claram
488 1388 661 1454 obfulsisse
686 1410 723 1454 ac
746 1392 812 1454 tres
835 1390 931 1454 lunas
954 1389 1103 1455 dmtanti-

36 1487 69 1537 13
90 1476 147 1541 bus
171 1477 252 1541 caeli
274 1477 460 1561 regionibus
484 1480 613 1542 exortas
638 1477 836 1561 apparuisse.
872 1481 951 1543 tuno
974 1499 1103 1563 quoque

87 1585 206 1650 magno
229 1569 334 1630 terrae
353 1569 445 1630 motu
464 1563 562 1630 Caria
580 1569 613 1630 et
630 1565 764 1631 Rhodus
782 1567 906 1631 insulae
926 1567 1006 1632 adeo
1026 1581 1143 1633 con-1⁵

87 1675 199 1719 eussae
224 1657 308 1738 sunt,
330 1656 368 1719 ut
389 1654 572 1742 labentibus
596 1654 696 1739 uulgo
719 1655 814 1720 tectis
836 1655 953 1741 ingens
973 1677 1102 1740 quoque

36 1754 70 1802 14
88 1742 143 1808 ille
172 1740 328 1808 coloslsus
357 1745 473 1808 rueret.
507 1742 631 1828 ¹eodem
662 1764 748 1808 anno
777 1741 956 1808 Flaminius
987 1744 1103 1809 consul
1116 1769 1138 1809 r·
1152 1759 1178 1800 ²5

89 1833 283 1916 contemptis
303 1832 464 1915 auspiciis,
483 1830 600 1914 quibus
618 1851 765 1915 pugnare
783 1831 1030 1916 prohibebatur,
1049 1833 1103 1898 ad-

88 1942 218 1986 uersum
241 1919 351 1985 Gallos
375 1919 518 1984 conflixit
541 1922 574 1983 et
596 1919 685 1985 uicit.
728 1920 763 1984 in
787 1942 850 2003 quo
874 1920 960 1985 bello
982 1941 1103 1986 nouem

87 2010 179 2074 milia
189 2008 356 2074 Gallorum
370 2028 474 2091 caesa,
488 2006 598 2073 decern
612 2011 646 2072 et
660 2011 783 2091 septem
798 2008 889 2073 milia
903 2011 1000 2092 capta
1015 2011 1101 2076 sunt.
1115 2025 1141 2066 2⁰

35 2107 68 2156 15
153 2095 233 2161 Post
245 2095 308 2160 hoc
322 2095 476 2162 Claudius
495 2096 609 2162 consul
624 2094 839 2162 Gaesatorum
857 2097 993 2181 triginta
1011 2098 1103 2162 milia

87 2182 214 2267 deleuit,
237 2183 294 2247 ubi
317 2185 416 2248 etiam
433 2185 503 2268 ipse
517 2184 748 2250 Virdomarum
770 2205 882 2270 regem
904 2187 939 2250 in
961 2186 1102 2270 primam

87 2273 189 2336 aciem
216 2293 408 2356 progressus
436 2273 566 2338 occidit:
599 2275 632 2338 et
661 2273 748 2343 inter
776 2275 880 2338 multe
907 2274 1103 2359 Insubrium,

87 2382 167 2444 quos
187 2360 229 2426 ad
247 2359 443 2427 deditionem
461 2366 621 2447 coegerat,
639 2361 759 2446 oppida
772 2361 1004 2428 Mediolanium
1023 2384 1102 2448 quo-

88 2471 148 2534 que
170 2449 286 2514 urbem
308 2448 572 2516 florentissimam
595 2452 690 2536 cepit.
1113 2466 1141 2508 2⁵

36 2548 68 2598 16
153 2537 279 2602 Deinde
297 2535 404 2615 Histri
422 2539 502 2603 noui
524 2539 636 2606 hostes
660 2540 793 2605 excitati
811 2543 901 2605 suntt
925 2561 1006 2624 quos
1026 2536 1103 2604 Ocr-

86 2627 190 2690 nelius
205 2624 429 2710 Minuciusque
450 2629 597 2694 consules
617 2631 720 2694 multo
736 2629 865 2712 quidem
880 2628 1102 2693 Romanorum

35 2724 68 2774 17
88 2715 243 2799 sanguine
268 2713 473 2798 subegerunt.
519 2718 657 2802 emergit
683 2716 737 2782 hie
760 2716 926 2800 paululum
949 2715 1101 2796 antiquus

86 2801 141 2865 ille
165 2803 386 2866 Romanorum
408 2802 578 2886 improbae
605 2804 711 2869 laudis
735 2804 835 2867 etiam
858 2803 897 2866 de
919 2799 1101 2884 parricidiis

37 2899 69 2950 18
90 2890 263 2973 appetitus.
307 2912 385 2954 nam
411 2889 533 2955 Fabius
561 2889 735 2956 Censorius
763 2889 900 2953 Fabium
922 2887 1102 2953 Buteonem
1116 2905 1143 2945 ³0

86 2977 189 3042 filium
209 2999 302 3042 suum
320 2977 401 3043 furti
419 2979 644 3043 insimulatum
662 2977 837 3042 interfecit:
862 2976 997 3061 dignum
1016 2975 1102 3042 soili-

89 3071 140 3132 eet
161 3065 297 3150 facinus,
321 3067 407 3151 quod
429 3069 523 3152 pater
545 3067 599 3131 uel
621 3065 794 3150 parricidio
818 3065 1024 3148 plectendum
1047 3066 1103 3132 du·

90 3159 189 3240 ceret,
218 3155 303 3238 quod
325 3175 366 3220 ne
390 3156 479 3240 leges
503 3155 633 3239 quidem
655 3154 720 3218 nisi
743 3154 846 3219 multa
868 3155 1023 3239 pecunias
1047 3159 1103 3220 aut

92 3265 254 3309 summum
282 3243 370 3309 exilii
398 3244 483 3309 eirca
506 3243 682 3327 quemlibet
704 3242 875 3309 hominum
899 3246 1101 3311 censuerunt.

37 3337 74 3392 14
157 3331 260 3399 lAnno
289 3333 330 3398 ab
343 3339 345 3344 ’
360 3332 440 3398 urbe
462 3332 592 3397 condita
613 3348 766 3396 nxxxlnr
787 3332 955 3398 Hannibal
977 3330 1101 3397 Poeno·
1114 3357 1137 3393 o·
1152 3346 1185 3388 25

89 3442 161 3485 rum
175 3425 353 3506 imperator
367 3419 546 3504 Sagrmtum
559 3419 823 3486 florentissimam
836 3420 1014 3504 Hispaniae
1028 3418 1103 3483 ciui·
1116 3435 1142 3475 16

88 3511 199 3594 tatem,
219 3511 357 3576 amicam
370 3509 483 3595 populi
496 3509 645 3593 Romani,
662 3508 804 3593 primum
818 3510 906 3575 bello
919 3507 1102 3591 impetitam,
