<?xml version="1.0" encoding="UTF-8"?>
<!DOCTYPE html PUBLIC "-//W3C//DTD XHTML 1.0 Transitional//EN"
    "http://www.w3.org/TR/xhtml1/DTD/xhtml1-transitional.dtd">
<html xmlns="http://www.w3.org/1999/xhtml" xml:lang="en" lang="en">
 <head>
  <title>
</title>
<meta http-equiv="Content-Type" content="text/html;charset=utf-8" />
  <meta name='ocr-system' content='tesseract 3.04.00' />
  <meta name='ocr-capabilities' content='ocr_page ocr_carea ocr_par ocr_line ocrx_word'/>
</head>
<body>
  <div class='ocr_page' id='page_1' title='image "./pavliorosiihist00orosgoog_0313.png"; bbox 0 0 2370 3960; ppageno 0'>
   <div class='ocr_carea' id='block_1_1' title="bbox 106 183 878 252">
    <p class='ocr_par' dir='ltr' id='par_1_1' title="bbox 106 183 878 252">
     <span class='ocr_line' id='line_1_1' title="bbox 106 183 878 252; baseline -0.013 -9"><span class='ocrx_word' id='word_1_1' title='bbox 106 190 170 252; x_wconf 78' lang='grc'>298</span> <span class='ocrx_word' id='word_1_2' title='bbox 355 186 464 237; x_wconf 84' lang='lat' dir='ltr'>PAVLI</span> <span class='ocrx_word' id='word_1_3' title='bbox 482 184 606 237; x_wconf 83' lang='lat' dir='ltr'><strong>OROSII</strong></span> <span class='ocrx_word' id='word_1_4' title='bbox 622 183 878 235; x_wconf 74' lang='lat' dir='ltr'><strong>HISTORIARVM</strong></span> 
     </span>
    </p>
   </div>
   <div class='ocr_carea' id='block_1_2' title="bbox 72 326 1169 3155">
    <p class='ocr_par' dir='ltr' id='par_1_2' title="bbox 72 326 1185 3155">
     <span class='ocr_line' id='line_1_2' title="bbox 109 326 1115 411; baseline -0.009 -12"><span class='ocrx_word' id='word_1_5' title='bbox 109 333 319 399; x_wconf 76' lang='lat' dir='ltr'>Sebastianus</span> <span class='ocrx_word' id='word_1_6' title='bbox 348 328 450 392; x_wconf 88' lang='lat' dir='ltr'>frater</span> <span class='ocrx_word' id='word_1_7' title='bbox 480 326 623 392; x_wconf 89' lang='lat' dir='ltr'>eiusdem</span> <span class='ocrx_word' id='word_1_8' title='bbox 652 326 716 392; x_wconf 88' lang='lat' dir='ltr'>hoo</span> <span class='ocrx_word' id='word_1_9' title='bbox 745 326 869 409; x_wconf 90' lang='lat' dir='ltr'>solum,</span> <span class='ocrx_word' id='word_1_10' title='bbox 901 329 941 390; x_wconf 89' lang='lat' dir='ltr'>nt</span> <span class='ocrx_word' id='word_1_11' title='bbox 970 329 1115 411; x_wconf 58' lang='lat' dir='ltr'>munus</span> 
     </span>
     <span class='ocr_line' id='line_1_3' title="bbox 109 413 1169 502; baseline -0.007 -17"><span class='ocrx_word' id='word_1_12' title='bbox 109 424 301 502; x_wconf 85' lang='lat' dir='ltr'>moreretur,</span> <span class='ocrx_word' id='word_1_13' title='bbox 331 413 453 501; x_wconf 82' lang='lat' dir='ltr'>elelgit:</span> <span class='ocrx_word' id='word_1_14' title='bbox 484 438 560 481; x_wconf 88' lang='lat' dir='ltr'>nam</span> <span class='ocrx_word' id='word_1_15' title='bbox 586 415 741 480; x_wconf 87' lang='lat' dir='ltr'>continuo</span> <span class='ocrx_word' id='word_1_16' title='bbox 771 417 809 478; x_wconf 93' lang='lat' dir='ltr'>ut</span> <span class='ocrx_word' id='word_1_17' title='bbox 840 418 974 481; x_wconf 87' lang='lat' dir='ltr'>creatus</span> <span class='ocrx_word' id='word_1_18' title='bbox 1002 416 1169 481; x_wconf 69' lang='lat' dir='ltr'>cauisse</span> 
     </span>
     <span class='ocr_line' id='line_1_4' title="bbox 72 503 1118 592; baseline -0.005 -19"><span class='ocrx_word' id='word_1_19' title='bbox 72 514 164 573; x_wconf 75' lang='lat' dir='ltr'>test.</span> <span class='ocrx_word' id='word_1_20' title='bbox 212 508 288 592; x_wconf 91' lang='lat' dir='ltr'>quid</span> <span class='ocrx_word' id='word_1_21' title='bbox 318 506 357 571; x_wconf 91' lang='lat' dir='ltr'>de</span> <span class='ocrx_word' id='word_1_22' title='bbox 385 504 609 570; x_wconf 87' lang='lat' dir='ltr'>infelicissimo</span> <span class='ocrx_word' id='word_1_23' title='bbox 637 504 750 568; x_wconf 87' lang='lat' dir='ltr'>Attalo</span> <span class='ocrx_word' id='word_1_24' title='bbox 780 503 911 588; x_wconf 86' lang='lat' dir='ltr'>loquar,</span> <span class='ocrx_word' id='word_1_25' title='bbox 943 505 997 570; x_wconf 86' lang='lat' dir='ltr'>cui</span> <span class='ocrx_word' id='word_1_26' title='bbox 1026 503 1118 570; x_wconf 81' lang='lat' dir='ltr'>occidi</span> 
     </span>
     <span class='ocr_line' id='line_1_5' title="bbox 106 591 1119 679; baseline -0.005 -18"><span class='ocrx_word' id='word_1_27' title='bbox 106 600 189 661; x_wconf 87' lang='lat' dir='ltr'>inter</span> <span class='ocrx_word' id='word_1_28' title='bbox 220 603 377 679; x_wconf 82' lang='lat' dir='ltr'>tyrannos</span> <span class='ocrx_word' id='word_1_29' title='bbox 406 594 512 658; x_wconf 90' lang='lat' dir='ltr'>honor</span> <span class='ocrx_word' id='word_1_30' title='bbox 542 598 576 657; x_wconf 89' lang='lat' dir='ltr'>et</span> <span class='ocrx_word' id='word_1_31' title='bbox 605 592 688 657; x_wconf 90' lang='lat' dir='ltr'>mori</span> <span class='ocrx_word' id='word_1_32' title='bbox 716 592 844 656; x_wconf 88' lang='lat' dir='ltr'>lucrum</span> <span class='ocrx_word' id='word_1_33' title='bbox 874 591 962 658; x_wconf 81' lang='lat' dir='ltr'>fuit?</span> <span class='ocrx_word' id='word_1_34' title='bbox 999 593 1035 658; x_wconf 91' lang='lat' dir='ltr'>in</span> <span class='ocrx_word' id='word_1_35' title='bbox 1064 593 1119 657; x_wconf 85' lang='lat' dir='ltr'>hoe</span> 
     </span>
     <span class='ocr_line' id='line_1_6' title="bbox 105 680 1137 767; baseline -0.002 -18"><span class='ocrx_word' id='word_1_36' title='bbox 105 686 257 749; x_wconf 74' lang='lat' dir='ltr'><strong>Alaricus</strong></span> <span class='ocrx_word' id='word_1_37' title='bbox 286 686 481 767; x_wconf 78' lang='lat' dir='ltr'>imperatore</span> <span class='ocrx_word' id='word_1_38' title='bbox 507 682 595 747; x_wconf 86' lang='lat' dir='ltr'>facto</span> <span class='ocrx_word' id='word_1_39' title='bbox 623 680 744 746; x_wconf 88' lang='lat' dir='ltr'>infecto</span> <span class='ocrx_word' id='word_1_40' title='bbox 772 680 896 746; x_wconf 83' lang='lat' dir='ltr'>refecto</span> <span class='ocrx_word' id='word_1_41' title='bbox 928 703 969 746; x_wconf 83' lang='lat' dir='ltr'>ac</span> <span class='ocrx_word' id='word_1_42' title='bbox 992 681 1137 761; x_wconf 70' lang='lat' dir='ltr'>defectat</span> 
     </span>
     <span class='ocr_line' id='line_1_7' title="bbox 106 769 1118 854; baseline -0.003 -17"><span class='ocrx_word' id='word_1_43' title='bbox 106 775 201 837; x_wconf 86' lang='lat' dir='ltr'>eitius</span> <span class='ocrx_word' id='word_1_44' title='bbox 226 773 277 838; x_wconf 91' lang='lat' dir='ltr'>his</span> <span class='ocrx_word' id='word_1_45' title='bbox 306 772 456 837; x_wconf 87' lang='lat' dir='ltr'>omnibus</span> <span class='ocrx_word' id='word_1_46' title='bbox 485 771 566 835; x_wconf 89' lang='lat' dir='ltr'>actis</span> <span class='ocrx_word' id='word_1_47' title='bbox 594 790 696 854; x_wconf 85' lang='lat' dir='ltr'>paene</span> <span class='ocrx_word' id='word_1_48' title='bbox 723 791 823 853; x_wconf 86' lang='lat' dir='ltr'>quam</span> <span class='ocrx_word' id='word_1_49' title='bbox 850 769 964 853; x_wconf 87' lang='lat' dir='ltr'>dietis,</span> <span class='ocrx_word' id='word_1_50' title='bbox 993 771 1118 835; x_wconf 85' lang='lat' dir='ltr'>mimum</span> 
     </span>
     <span class='ocr_line' id='line_1_8' title="bbox 72 857 1118 944; baseline -0.002 -20"><span class='ocrx_word' id='word_1_51' title='bbox 72 864 181 927; x_wconf 87' lang='lat' dir='ltr'>8risit</span> <span class='ocrx_word' id='word_1_52' title='bbox 210 867 241 927; x_wconf 90' lang='lat' dir='ltr'>et</span> <span class='ocrx_word' id='word_1_53' title='bbox 269 860 381 926; x_wconf 92' lang='lat' dir='ltr'>ludum</span> <span class='ocrx_word' id='word_1_54' title='bbox 410 859 570 944; x_wconf 86' lang='lat' dir='ltr'>spectauit</span> <span class='ocrx_word' id='word_1_55' title='bbox 598 857 739 942; x_wconf 82' lang='lat' dir='ltr'>imperii3</span> <span class='ocrx_word' id='word_1_56' title='bbox 767 879 827 922; x_wconf 87' lang='lat' dir='ltr'>nee</span> <span class='ocrx_word' id='word_1_57' title='bbox 854 857 979 922; x_wconf 90' lang='lat' dir='ltr'>mirum</span> <span class='ocrx_word' id='word_1_58' title='bbox 1007 859 1037 923; x_wconf 91' lang='lat' dir='ltr'>si</span> <span class='ocrx_word' id='word_1_59' title='bbox 1057 859 1118 922; x_wconf 89' lang='lat' dir='ltr'>inre</span> 
     </span>
     <span class='ocr_line' id='line_1_9' title="bbox 108 945 1119 1034; baseline -0.002 -20"><span class='ocrx_word' id='word_1_60' title='bbox 108 952 170 1016; x_wconf 86' lang='lat' dir='ltr'>hae</span> <span class='ocrx_word' id='word_1_61' title='bbox 189 973 309 1034; x_wconf 88' lang='lat' dir='ltr'>pompa</span> <span class='ocrx_word' id='word_1_62' title='bbox 328 950 427 1014; x_wconf 92' lang='lat' dir='ltr'>miser</span> <span class='ocrx_word' id='word_1_63' title='bbox 445 949 535 1013; x_wconf 88' lang='lat' dir='ltr'>lusus</span> <span class='ocrx_word' id='word_1_64' title='bbox 554 951 613 1031; x_wconf 88' lang='lat' dir='ltr'>est,</span> <span class='ocrx_word' id='word_1_65' title='bbox 631 947 722 1011; x_wconf 89' lang='lat' dir='ltr'>cuius</span> <span class='ocrx_word' id='word_1_66' title='bbox 735 946 792 1010; x_wconf 91' lang='lat' dir='ltr'>ille</span> <span class='ocrx_word' id='word_1_67' title='bbox 806 946 993 1012; x_wconf 85' lang='lat' dir='ltr'>umbratilis</span> <span class='ocrx_word' id='word_1_68' title='bbox 1013 945 1119 1013; x_wconf 85' lang='lat' dir='ltr'>consul</span> 
     </span>
     <span class='ocr_line' id='line_1_10' title="bbox 108 1034 1119 1119; baseline -0.004 -16"><span class='ocrx_word' id='word_1_69' title='bbox 108 1040 273 1104; x_wconf 73' lang='lat' dir='ltr'>Tertullus</span> <span class='ocrx_word' id='word_1_70' title='bbox 305 1060 401 1102; x_wconf 91' lang='lat' dir='ltr'>ausus</span> <span class='ocrx_word' id='word_1_71' title='bbox 432 1041 482 1102; x_wconf 88' lang='lat' dir='ltr'>est</span> <span class='ocrx_word' id='word_1_72' title='bbox 505 1037 540 1101; x_wconf 89' lang='lat' dir='ltr'>in</span> <span class='ocrx_word' id='word_1_73' title='bbox 562 1037 652 1100; x_wconf 87' lang='lat' dir='ltr'>ouria</span> <span class='ocrx_word' id='word_1_74' title='bbox 673 1034 792 1100; x_wconf 81' lang='lat' dir='ltr'>dicere:</span> <span class='ocrx_word' id='word_1_75' title='bbox 825 1035 967 1119; x_wconf 88' lang='lat' dir='ltr'>loquar</span> <span class='ocrx_word' id='word_1_76' title='bbox 999 1035 1119 1117; x_wconf 84' lang='lat' dir='ltr'>uobis,</span> 
     </span>
     <span class='ocr_line' id='line_1_11' title="bbox 108 1121 1147 1212; baseline -0.004 -21"><span class='ocrx_word' id='word_1_77' title='bbox 108 1133 239 1212; x_wconf 88' lang='lat' dir='ltr'>patres</span> <span class='ocrx_word' id='word_1_78' title='bbox 263 1125 495 1209; x_wconf 74' lang='lat' dir='ltr'>conscripti,</span> <span class='ocrx_word' id='word_1_79' title='bbox 523 1123 660 1191; x_wconf 88' lang='lat' dir='ltr'>consul</span> <span class='ocrx_word' id='word_1_80' title='bbox 684 1127 722 1188; x_wconf 92' lang='lat' dir='ltr'>et</span> <span class='ocrx_word' id='word_1_81' title='bbox 744 1121 938 1208; x_wconf 79' lang='lat' dir='ltr'>pontifex,</span> <span class='ocrx_word' id='word_1_82' title='bbox 963 1136 1147 1208; x_wconf 74' lang='lat' dir='ltr'>quorumll</span> 
     </span>
     <span class='ocr_line' id='line_1_12' title="bbox 109 1211 1118 1297; baseline -0.004 -18"><span class='ocrx_word' id='word_1_83' title='bbox 109 1217 275 1279; x_wconf 90' lang='lat' dir='ltr'>alterum</span> <span class='ocrx_word' id='word_1_84' title='bbox 297 1218 426 1295; x_wconf 89' lang='lat' dir='ltr'>teneo,</span> <span class='ocrx_word' id='word_1_85' title='bbox 450 1214 614 1277; x_wconf 85' lang='lat' dir='ltr'>alterum</span> <span class='ocrx_word' id='word_1_86' title='bbox 638 1233 764 1296; x_wconf 89' lang='lat' dir='ltr'>spero,</span> <span class='ocrx_word' id='word_1_87' title='bbox 787 1233 924 1295; x_wconf 86' lang='lat' dir='ltr'>sperans</span> <span class='ocrx_word' id='word_1_88' title='bbox 948 1213 992 1277; x_wconf 85' lang='lat' dir='ltr'>ab</span> <span class='ocrx_word' id='word_1_89' title='bbox 1013 1211 1118 1297; x_wconf 86' lang='lat' dir='ltr'>ecqui</span> 
     </span>
     <span class='ocr_line' id='line_1_13' title="bbox 108 1300 1118 1386; baseline -0.001 -21"><span class='ocrx_word' id='word_1_90' title='bbox 108 1325 197 1385; x_wconf 89' lang='lat' dir='ltr'>spem</span> <span class='ocrx_word' id='word_1_91' title='bbox 228 1325 295 1365; x_wconf 92' lang='lat' dir='ltr'>non</span> <span class='ocrx_word' id='word_1_92' title='bbox 324 1302 468 1365; x_wconf 87' lang='lat' dir='ltr'>habebat</span> <span class='ocrx_word' id='word_1_93' title='bbox 499 1305 533 1364; x_wconf 88' lang='lat' dir='ltr'>et</span> <span class='ocrx_word' id='word_1_94' title='bbox 554 1300 746 1366; x_wconf 88' lang='lat' dir='ltr'>maledictus</span> <span class='ocrx_word' id='word_1_95' title='bbox 768 1300 894 1384; x_wconf 88' lang='lat' dir='ltr'>utique,</span> <span class='ocrx_word' id='word_1_96' title='bbox 924 1301 1004 1384; x_wconf 83' lang='lat' dir='ltr'>quia</span> <span class='ocrx_word' id='word_1_97' title='bbox 1033 1321 1118 1386; x_wconf 89' lang='lat' dir='ltr'>spem</span> 
     </span>
     <span class='ocr_line' id='line_1_14' title="bbox 72 1387 1118 1474; baseline 0.001 -22"><span class='ocrx_word' id='word_1_98' title='bbox 72 1405 198 1453; x_wconf 81' lang='lat' dir='ltr'>seuam</span> <span class='ocrx_word' id='word_1_99' title='bbox 227 1393 381 1472; x_wconf 90' lang='lat' dir='ltr'>posuerat</span> <span class='ocrx_word' id='word_1_100' title='bbox 408 1389 444 1451; x_wconf 89' lang='lat' dir='ltr'>in</span> <span class='ocrx_word' id='word_1_101' title='bbox 470 1387 612 1452; x_wconf 89' lang='lat' dir='ltr'>homine.</span> <span class='ocrx_word' id='word_1_102' title='bbox 657 1389 790 1454; x_wconf 88' lang='lat' dir='ltr'>Attalus</span> <span class='ocrx_word' id='word_1_103' title='bbox 817 1389 930 1472; x_wconf 89' lang='lat' dir='ltr'>itaque</span> <span class='ocrx_word' id='word_1_104' title='bbox 953 1391 1118 1474; x_wconf 86' lang='lat' dir='ltr'>tamquam</span> 
     </span>
     <span class='ocr_line' id='line_1_15' title="bbox 106 1475 1117 1562; baseline 0 -21"><span class='ocrx_word' id='word_1_105' title='bbox 106 1479 201 1541; x_wconf 89' lang='lat' dir='ltr'>inane</span> <span class='ocrx_word' id='word_1_106' title='bbox 230 1477 358 1562; x_wconf 91' lang='lat' dir='ltr'>imperii</span> <span class='ocrx_word' id='word_1_107' title='bbox 387 1477 595 1542; x_wconf 80' lang='lat' dir='ltr'>simulacrum</span> <span class='ocrx_word' id='word_1_108' title='bbox 623 1499 696 1542; x_wconf 89' lang='lat' dir='ltr'>oum</span> <span class='ocrx_word' id='word_1_109' title='bbox 724 1476 839 1542; x_wconf 81' lang='lat' dir='ltr'>Gothis</span> <span class='ocrx_word' id='word_1_110' title='bbox 868 1498 969 1561; x_wconf 89' lang='lat' dir='ltr'>usque</span> <span class='ocrx_word' id='word_1_111' title='bbox 1001 1478 1043 1542; x_wconf 87' lang='lat' dir='ltr'>ad</span> <span class='ocrx_word' id='word_1_112' title='bbox 1064 1475 1117 1541; x_wconf 87' lang='lat' dir='ltr'>Hi·</span> 
     </span>
     <span class='ocr_line' id='line_1_16' title="bbox 107 1565 1149 1650; baseline 0.001 -21"><span class='ocrx_word' id='word_1_113' title='bbox 107 1567 236 1648; x_wconf 90' lang='lat' dir='ltr'>spanias</span> <span class='ocrx_word' id='word_1_114' title='bbox 256 1569 405 1650; x_wconf 89' lang='lat' dir='ltr'>portatus</span> <span class='ocrx_word' id='word_1_115' title='bbox 429 1569 488 1650; x_wconf 90' lang='lat' dir='ltr'>est,</span> <span class='ocrx_word' id='word_1_116' title='bbox 510 1567 595 1630; x_wconf 91' lang='lat' dir='ltr'>unde</span> <span class='ocrx_word' id='word_1_117' title='bbox 618 1565 784 1631; x_wconf 85' lang='lat' dir='ltr'>discedens</span> <span class='ocrx_word' id='word_1_118' title='bbox 808 1565 886 1629; x_wconf 87' lang='lat' dir='ltr'>naui</span> <span class='ocrx_word' id='word_1_119' title='bbox 907 1566 1036 1631; x_wconf 87' lang='lat' dir='ltr'>incerta</span> <span class='ocrx_word' id='word_1_120' title='bbox 1058 1576 1149 1630; x_wconf 69' lang='lat' dir='ltr'>mel⁵</span> 
     </span>
     <span class='ocr_line' id='line_1_17' title="bbox 106 1653 1119 1740; baseline -0.002 -22"><span class='ocrx_word' id='word_1_121' title='bbox 106 1654 188 1718; x_wconf 90' lang='lat' dir='ltr'>liens</span> <span class='ocrx_word' id='word_1_122' title='bbox 199 1656 233 1719; x_wconf 91' lang='lat' dir='ltr'>in</span> <span class='ocrx_word' id='word_1_123' title='bbox 243 1656 325 1720; x_wconf 91' lang='lat' dir='ltr'>mari</span> <span class='ocrx_word' id='word_1_124' title='bbox 335 1660 449 1740; x_wconf 87' lang='lat' dir='ltr'>captus</span> <span class='ocrx_word' id='word_1_125' title='bbox 460 1658 493 1720; x_wconf 89' lang='lat' dir='ltr'>et</span> <span class='ocrx_word' id='word_1_126' title='bbox 503 1655 544 1720; x_wconf 86' lang='lat' dir='ltr'>ad</span> <span class='ocrx_word' id='word_1_127' title='bbox 554 1653 781 1721; x_wconf 81' lang='lat' dir='ltr'>Constantium</span> <span class='ocrx_word' id='word_1_128' title='bbox 792 1654 946 1719; x_wconf 86' lang='lat' dir='ltr'>comitem</span> <span class='ocrx_word' id='word_1_129' title='bbox 957 1653 1119 1737; x_wconf 86' lang='lat' dir='ltr'>deductus,</span> 
     </span>
     <span class='ocr_line' id='line_1_18' title="bbox 108 1743 1119 1829; baseline -0.003 -22"><span class='ocrx_word' id='word_1_130' title='bbox 108 1745 221 1808; x_wconf 89' lang='lat' dir='ltr'>deinde</span> <span class='ocrx_word' id='word_1_131' title='bbox 251 1746 438 1829; x_wconf 89' lang='lat' dir='ltr'>imperatori</span> <span class='ocrx_word' id='word_1_132' title='bbox 468 1743 616 1809; x_wconf 87' lang='lat' dir='ltr'>Honorio</span> <span class='ocrx_word' id='word_1_133' title='bbox 648 1743 810 1808; x_wconf 85' lang='lat' dir='ltr'>exhibitus</span> <span class='ocrx_word' id='word_1_134' title='bbox 840 1745 994 1807; x_wconf 84' lang='lat' dir='ltr'>truncata</span> <span class='ocrx_word' id='word_1_135' title='bbox 1025 1764 1119 1808; x_wconf 86' lang='lat' dir='ltr'>manu</span> 
     </span>
     <span class='ocr_line' id='line_1_19' title="bbox 72 1830 1118 1898; baseline 0.003 -6"><span class='ocrx_word' id='word_1_136' title='bbox 72 1845 88 1892; x_wconf 90' lang='lat' dir='ltr'>o</span> <span class='ocrx_word' id='word_1_137' title='bbox 107 1834 194 1898; x_wconf 82' lang='lat' dir='ltr'>uitae</span> <span class='ocrx_word' id='word_1_138' title='bbox 218 1835 348 1898; x_wconf 87' lang='lat' dir='ltr'>relictus</span> <span class='ocrx_word' id='word_1_139' title='bbox 372 1838 428 1897; x_wconf 91' lang='lat' dir='ltr'>est.</span> <span class='ocrx_word' id='word_1_140' title='bbox 474 1831 688 1897; x_wconf 88' lang='lat' dir='ltr'>Heraclianus</span> <span class='ocrx_word' id='word_1_141' title='bbox 712 1831 836 1894; x_wconf 86' lang='lat' dir='ltr'>interea</span> <span class='ocrx_word' id='word_1_142' title='bbox 860 1830 991 1896; x_wconf 85' lang='lat' dir='ltr'>Africae</span> <span class='ocrx_word' id='word_1_143' title='bbox 1015 1852 1118 1897; x_wconf 88' lang='lat' dir='ltr'>comes</span> 
     </span>
     <span class='ocr_line' id='line_1_20' title="bbox 107 1919 1120 2004; baseline 0 -20"><span class='ocrx_word' id='word_1_144' title='bbox 107 1923 238 2003; x_wconf 77' lang='lat' dir='ltr'>missen,</span> <span class='ocrx_word' id='word_1_145' title='bbox 267 1944 340 1986; x_wconf 91' lang='lat' dir='ltr'>cum</span> <span class='ocrx_word' id='word_1_146' title='bbox 368 1922 453 1985; x_wconf 90' lang='lat' dir='ltr'>idem</span> <span class='ocrx_word' id='word_1_147' title='bbox 477 1921 608 1985; x_wconf 87' lang='lat' dir='ltr'>Attalus</span> <span class='ocrx_word' id='word_1_148' title='bbox 636 1920 784 1984; x_wconf 88' lang='lat' dir='ltr'>umbram</span> <span class='ocrx_word' id='word_1_149' title='bbox 812 1921 959 2003; x_wconf 81' lang='lat' dir='ltr'>gestaret</span> <span class='ocrx_word' id='word_1_150' title='bbox 984 1919 1120 2004; x_wconf 90' lang='lat' dir='ltr'>imperii,</span> 
     </span>
     <span class='ocr_line' id='line_1_21' title="bbox 107 2008 1151 2091; baseline 0.001 -20"><span class='ocrx_word' id='word_1_151' title='bbox 107 2009 253 2073; x_wconf 81' lang='lat' dir='ltr'>Africam</span> <span class='ocrx_word' id='word_1_152' title='bbox 274 2016 404 2073; x_wconf 89' lang='lat' dir='ltr'>strenue</span> <span class='ocrx_word' id='word_1_153' title='bbox 424 2008 594 2073; x_wconf 87' lang='lat' dir='ltr'>aduersum</span> <span class='ocrx_word' id='word_1_154' title='bbox 608 2008 729 2073; x_wconf 91' lang='lat' dir='ltr'>iudices</span> <span class='ocrx_word' id='word_1_155' title='bbox 745 2008 785 2072; x_wconf 87' lang='lat' dir='ltr'>ab</span> <span class='ocrx_word' id='word_1_156' title='bbox 801 2028 838 2072; x_wconf 91' lang='lat' dir='ltr'>eo</span> <span class='ocrx_word' id='word_1_157' title='bbox 853 2008 973 2073; x_wconf 90' lang='lat' dir='ltr'>missos</span> <span class='ocrx_word' id='word_1_158' title='bbox 986 2011 1120 2091; x_wconf 86' lang='lat' dir='ltr'>tutatus,</span> <span class='ocrx_word' id='word_1_159' title='bbox 1130 2020 1151 2060; x_wconf 75' lang='lat'>²⁰</span> 
     </span>
     <span class='ocr_line' id='line_1_22' title="bbox 73 2095 1120 2178; baseline 0.005 -23"><span class='ocrx_word' id='word_1_160' title='bbox 73 2109 86 2155; x_wconf 90' lang='lat'>1</span> <span class='ocrx_word' id='word_1_161' title='bbox 107 2099 311 2160; x_wconf 89' lang='lat' dir='ltr'>consulatum</span> <span class='ocrx_word' id='word_1_162' title='bbox 335 2097 504 2161; x_wconf 87' lang='lat' dir='ltr'>adsecutus</span> <span class='ocrx_word' id='word_1_163' title='bbox 528 2101 591 2178; x_wconf 82' lang='lat' dir='ltr'>est3</span> <span class='ocrx_word' id='word_1_164' title='bbox 617 2119 679 2178; x_wconf 90' lang='lat' dir='ltr'>quo</span> <span class='ocrx_word' id='word_1_165' title='bbox 694 2098 807 2159; x_wconf 83' lang='lat' dir='ltr'>elatus</span> <span class='ocrx_word' id='word_1_166' title='bbox 831 2097 1007 2178; x_wconf 86' lang='lat' dir='ltr'>supercilio</span> <span class='ocrx_word' id='word_1_167' title='bbox 1032 2095 1120 2163; x_wconf 80' lang='lat' dir='ltr'>Sabi-</span> 
     </span>
     <span class='ocr_line' id='line_1_23' title="bbox 106 2183 1121 2269; baseline 0.006 -24"><span class='ocrx_word' id='word_1_168' title='bbox 106 2206 185 2246; x_wconf 92' lang='lat' dir='ltr'>num</span> <span class='ocrx_word' id='word_1_169' title='bbox 209 2183 420 2248; x_wconf 89' lang='lat' dir='ltr'>domesticum</span> <span class='ocrx_word' id='word_1_170' title='bbox 445 2206 546 2268; x_wconf 90' lang='lat' dir='ltr'>suum,</span> <span class='ocrx_word' id='word_1_171' title='bbox 570 2186 676 2247; x_wconf 90' lang='lat' dir='ltr'>uirum</span> <span class='ocrx_word' id='word_1_172' title='bbox 699 2184 830 2269; x_wconf 88' lang='lat' dir='ltr'>ingenio</span> <span class='ocrx_word' id='word_1_173' title='bbox 855 2184 1009 2249; x_wconf 84' lang='lat' dir='ltr'>callidum</span> <span class='ocrx_word' id='word_1_174' title='bbox 1033 2185 1121 2250; x_wconf 90' lang='lat' dir='ltr'>indu·</span> 
     </span>
     <span class='ocr_line' id='line_1_24' title="bbox 108 2271 1122 2356; baseline 0.004 -21"><span class='ocrx_word' id='word_1_175' title='bbox 108 2272 250 2355; x_wconf 89' lang='lat' dir='ltr'>striaque</span> <span class='ocrx_word' id='word_1_176' title='bbox 275 2272 440 2337; x_wconf 87' lang='lat' dir='ltr'>sollertem</span> <span class='ocrx_word' id='word_1_177' title='bbox 464 2276 497 2336; x_wconf 88' lang='lat' dir='ltr'>et</span> <span class='ocrx_word' id='word_1_178' title='bbox 520 2271 701 2356; x_wconf 87' lang='lat' dir='ltr'>sapientem</span> <span class='ocrx_word' id='word_1_179' title='bbox 719 2271 954 2337; x_wconf 89' lang='lat' dir='ltr'>nominandum</span> <span class='ocrx_word' id='word_1_180' title='bbox 973 2274 1003 2338; x_wconf 88' lang='lat' dir='ltr'>si</span> <span class='ocrx_word' id='word_1_181' title='bbox 1022 2274 1122 2339; x_wconf 86' lang='lat' dir='ltr'>animi</span> 
     </span>
     <span class='ocr_line' id='line_1_25' title="bbox 107 2360 1123 2447; baseline 0.003 -23"><span class='ocrx_word' id='word_1_182' title='bbox 107 2361 191 2425; x_wconf 91' lang='lat' dir='ltr'>uires</span> <span class='ocrx_word' id='word_1_183' title='bbox 229 2361 411 2447; x_wconf 85' lang='lat' dir='ltr'>tranquillis</span> <span class='ocrx_word' id='word_1_184' title='bbox 449 2361 564 2427; x_wconf 89' lang='lat' dir='ltr'>studiis</span> <span class='ocrx_word' id='word_1_185' title='bbox 603 2360 928 2444; x_wconf 87' lang='lat' dir='ltr'>adcommodauisset,</span> <span class='ocrx_word' id='word_1_186' title='bbox 965 2382 1123 2446; x_wconf 84' lang='lat' dir='ltr'>generum</span> 
     </span>
     <span class='ocr_line' id='line_1_26' title="bbox 75 2451 1156 2538; baseline 0.002 -23"><span class='ocrx_word' id='word_1_187' title='bbox 75 2452 235 2537; x_wconf 70' lang='lat' dir='ltr'>redegit,</span> <span class='ocrx_word' id='word_1_188' title='bbox 264 2474 336 2518; x_wconf 90' lang='lat' dir='ltr'>eum</span> <span class='ocrx_word' id='word_1_189' title='bbox 365 2475 429 2537; x_wconf 90' lang='lat' dir='ltr'>quo</span> <span class='ocrx_word' id='word_1_190' title='bbox 454 2451 657 2538; x_wconf 87' lang='lat' dir='ltr'>quorundam</span> <span class='ocrx_word' id='word_1_191' title='bbox 679 2451 896 2536; x_wconf 89' lang='lat' dir='ltr'>periculorum</span> <span class='ocrx_word' id='word_1_192' title='bbox 920 2451 1122 2534; x_wconf 87' lang='lat' dir='ltr'>suspiciones</span> <span class='ocrx_word' id='word_1_193' title='bbox 1134 2463 1156 2506; x_wconf 74' lang='lat'>⁹⁵</span> 
     </span>
     <span class='ocr_line' id='line_1_27' title="bbox 109 2537 1124 2627; baseline 0.001 -24"><span class='ocrx_word' id='word_1_194' title='bbox 109 2541 184 2605; x_wconf 91' lang='lat' dir='ltr'>dum</span> <span class='ocrx_word' id='word_1_195' title='bbox 208 2543 333 2626; x_wconf 89' lang='lat' dir='ltr'>patitur</span> <span class='ocrx_word' id='word_1_196' title='bbox 355 2541 433 2606; x_wconf 90' lang='lat' dir='ltr'>fecit</span> <span class='ocrx_word' id='word_1_197' title='bbox 456 2547 566 2627; x_wconf 89' lang='lat' dir='ltr'>atque,</span> <span class='ocrx_word' id='word_1_198' title='bbox 590 2540 787 2627; x_wconf 87' lang='lat' dir='ltr'>aliquamdiu</span> <span class='ocrx_word' id='word_1_199' title='bbox 810 2537 968 2603; x_wconf 87' lang='lat' dir='ltr'>Africana</span> <span class='ocrx_word' id='word_1_200' title='bbox 991 2560 1124 2604; x_wconf 87' lang='lat' dir='ltr'>annona</span> 
     </span>
     <span class='ocr_line' id='line_1_28' title="bbox 109 2627 1159 2715; baseline -0.001 -23"><span class='ocrx_word' id='word_1_201' title='bbox 109 2635 198 2694; x_wconf 84' lang='lat' dir='ltr'>extra</span> <span class='ocrx_word' id='word_1_202' title='bbox 231 2631 376 2695; x_wconf 90' lang='lat' dir='ltr'>ordinem</span> <span class='ocrx_word' id='word_1_203' title='bbox 409 2631 553 2715; x_wconf 88' lang='lat' dir='ltr'>detenta,</span> <span class='ocrx_word' id='word_1_204' title='bbox 587 2629 663 2714; x_wconf 80' lang='lat' dir='ltr'>lipse</span> <span class='ocrx_word' id='word_1_205' title='bbox 696 2629 828 2694; x_wconf 89' lang='lat' dir='ltr'>tandem</span> <span class='ocrx_word' id='word_1_206' title='bbox 859 2648 932 2691; x_wconf 88' lang='lat' dir='ltr'>cum</span> <span class='ocrx_word' id='word_1_207' title='bbox 964 2627 1124 2712; x_wconf 87' lang='lat' dir='ltr'>inmensa,</span> <span class='ocrx_word' id='word_1_208' title='bbox 1140 2652 1159 2691; x_wconf 84' lang='lat' dir='ltr'>r·</span> 
     </span>
     <span class='ocr_line' id='line_1_29' title="bbox 108 2716 1124 2800; baseline 0.002 -21"><span class='ocrx_word' id='word_1_209' title='bbox 108 2722 194 2779; x_wconf 88' lang='lat' dir='ltr'>certe</span> <span class='ocrx_word' id='word_1_210' title='bbox 209 2720 409 2800; x_wconf 87' lang='lat' dir='ltr'>temporibus</span> <span class='ocrx_word' id='word_1_211' title='bbox 424 2722 547 2784; x_wconf 89' lang='lat' dir='ltr'>nostris</span> <span class='ocrx_word' id='word_1_212' title='bbox 567 2721 647 2783; x_wconf 87' lang='lat' dir='ltr'>satis</span> <span class='ocrx_word' id='word_1_213' title='bbox 666 2717 845 2783; x_wconf 92' lang='lat' dir='ltr'>incredibili</span> <span class='ocrx_word' id='word_1_214' title='bbox 865 2716 969 2780; x_wconf 89' lang='lat' dir='ltr'>classe</span> <span class='ocrx_word' id='word_1_215' title='bbox 987 2716 1124 2781; x_wconf 89' lang='lat' dir='ltr'>nauium</span> 
     </span>
     <span class='ocr_line' id='line_1_30' title="bbox 72 2803 1124 2871; baseline 0.007 -8"><span class='ocrx_word' id='word_1_216' title='bbox 72 2803 246 2865; x_wconf 76' lang='lat' dir='ltr'>sltemam</span> <span class='ocrx_word' id='word_1_217' title='bbox 283 2805 458 2868; x_wconf 86' lang='lat' dir='ltr'>contendit.</span> <span class='ocrx_word' id='word_1_218' title='bbox 512 2829 589 2871; x_wconf 89' lang='lat' dir='ltr'>nam</span> <span class='ocrx_word' id='word_1_219' title='bbox 625 2807 779 2871; x_wconf 88' lang='lat' dir='ltr'>babuisse</span> <span class='ocrx_word' id='word_1_220' title='bbox 816 2808 894 2869; x_wconf 87' lang='lat' dir='ltr'>tune</span> <span class='ocrx_word' id='word_1_221' title='bbox 929 2804 993 2869; x_wconf 82' lang='lat' dir='ltr'>tri&#39;e</span> <span class='ocrx_word' id='word_1_222' title='bbox 1030 2804 1124 2870; x_wconf 89' lang='lat' dir='ltr'>milia</span> 
     </span>
     <span class='ocr_line' id='line_1_31' title="bbox 108 2889 1161 2977; baseline 0.006 -24"><span class='ocrx_word' id='word_1_223' title='bbox 108 2889 329 2972; x_wconf 88' lang='lat' dir='ltr'>septingentas</span> <span class='ocrx_word' id='word_1_224' title='bbox 357 2912 457 2955; x_wconf 84' lang='lat' dir='ltr'>naues</span> <span class='ocrx_word' id='word_1_225' title='bbox 486 2893 617 2975; x_wconf 89' lang='lat' dir='ltr'>dicitur,</span> <span class='ocrx_word' id='word_1_226' title='bbox 645 2915 740 2975; x_wconf 90' lang='lat' dir='ltr'>quem</span> <span class='ocrx_word' id='word_1_227' title='bbox 767 2913 939 2956; x_wconf 89' lang='lat' dir='ltr'>numerum</span> <span class='ocrx_word' id='word_1_228' title='bbox 966 2914 1008 2957; x_wconf 90' lang='lat' dir='ltr'>ne</span> <span class='ocrx_word' id='word_1_229' title='bbox 1036 2893 1161 2977; x_wconf 73' lang='lat' dir='ltr'>spudeo</span> 
     </span>
     <span class='ocr_line' id='line_1_32' title="bbox 106 2975 1124 3068; baseline 0.005 -26"><span class='ocrx_word' id='word_1_230' title='bbox 106 2977 233 3042; x_wconf 83' lang='lat' dir='ltr'>Xerxen</span> <span class='ocrx_word' id='word_1_231' title='bbox 261 2975 389 3059; x_wconf 89' lang='lat' dir='ltr'>quidem</span> <span class='ocrx_word' id='word_1_232' title='bbox 416 2980 620 3057; x_wconf 86' lang='lat' dir='ltr'>praeclarum</span> <span class='ocrx_word' id='word_1_233' title='bbox 643 2981 736 3044; x_wconf 92' lang='lat' dir='ltr'>illum</span> <span class='ocrx_word' id='word_1_234' title='bbox 759 2978 932 3043; x_wconf 88' lang='lat' dir='ltr'>Persarum</span> <span class='ocrx_word' id='word_1_235' title='bbox 954 3001 1066 3068; x_wconf 89' lang='lat' dir='ltr'>regem</span> <span class='ocrx_word' id='word_1_236' title='bbox 1089 2986 1124 3047; x_wconf 89' lang='lat' dir='ltr'>et</span> 
     </span>
     <span class='ocr_line' id='line_1_33' title="bbox 107 3062 1122 3155; baseline 0.004 -24"><span class='ocrx_word' id='word_1_237' title='bbox 107 3064 327 3131; x_wconf 84' lang='lat' dir='ltr'>Alexandrum</span> <span class='ocrx_word' id='word_1_238' title='bbox 359 3062 516 3147; x_wconf 87' lang='lat' dir='ltr'>Magnum</span> <span class='ocrx_word' id='word_1_239' title='bbox 547 3067 600 3129; x_wconf 91' lang='lat' dir='ltr'>uel</span> <span class='ocrx_word' id='word_1_240' title='bbox 637 3087 831 3150; x_wconf 88' lang='lat' dir='ltr'>quemquam</span> <span class='ocrx_word' id='word_1_241' title='bbox 869 3067 969 3132; x_wconf 87' lang='lat' dir='ltr'>alium</span> <span class='ocrx_word' id='word_1_242' title='bbox 1005 3091 1122 3155; x_wconf 87' lang='lat' dir='ltr'>regum</span> 
     </span>
    </p>
   </div>
   <div class='ocr_carea' id='block_1_3' title="bbox 72 3152 1161 3591">
    <p class='ocr_par' dir='ltr' id='par_1_3' title="bbox 72 3152 1161 3591">
     <span class='ocr_line' id='line_1_34' title="bbox 72 3152 1122 3240; baseline 0.007 -25"><span class='ocrx_word' id='word_1_243' title='bbox 72 3156 206 3221; x_wconf 68' lang='lat' dir='ltr'>afuisse</span> <span class='ocrx_word' id='word_1_244' title='bbox 229 3155 384 3219; x_wconf 87' lang='lat' dir='ltr'>historiae</span> <span class='ocrx_word' id='word_1_245' title='bbox 407 3152 525 3219; x_wconf 88' lang='lat' dir='ltr'>ferunt.</span> <span class='ocrx_word' id='word_1_246' title='bbox 561 3153 590 3215; x_wconf 89' lang='lat' dir='ltr'>is</span> <span class='ocrx_word' id='word_1_247' title='bbox 614 3153 710 3217; x_wconf 89' lang='lat' dir='ltr'>simul</span> <span class='ocrx_word' id='word_1_248' title='bbox 733 3159 770 3218; x_wconf 89' lang='lat' dir='ltr'>ut</span> <span class='ocrx_word' id='word_1_249' title='bbox 793 3177 866 3220; x_wconf 91' lang='lat' dir='ltr'>cum</span> <span class='ocrx_word' id='word_1_250' title='bbox 885 3158 1015 3240; x_wconf 87' lang='lat' dir='ltr'>agmine</span> <span class='ocrx_word' id='word_1_251' title='bbox 1034 3159 1122 3223; x_wconf 91' lang='lat' dir='ltr'>mili-</span> 
     </span>
     <span class='ocr_line' id='line_1_35' title="bbox 106 3241 1120 3329; baseline 0.001 -20"><span class='ocrx_word' id='word_1_252' title='bbox 106 3250 177 3309; x_wconf 90' lang='lat' dir='ltr'>tum</span> <span class='ocrx_word' id='word_1_253' title='bbox 207 3243 247 3309; x_wconf 95' lang='lat' dir='ltr'>ad</span> <span class='ocrx_word' id='word_1_254' title='bbox 276 3245 388 3309; x_wconf 89' lang='lat' dir='ltr'>urbem</span> <span class='ocrx_word' id='word_1_255' title='bbox 418 3261 555 3327; x_wconf 88' lang='lat' dir='ltr'>pergens</span> <span class='ocrx_word' id='word_1_256' title='bbox 585 3241 680 3305; x_wconf 89' lang='lat' dir='ltr'>litore</span> <span class='ocrx_word' id='word_1_257' title='bbox 710 3263 858 3327; x_wconf 87' lang='lat' dir='ltr'>egressus</span> <span class='ocrx_word' id='word_1_258' title='bbox 890 3250 952 3329; x_wconf 89' lang='lat' dir='ltr'>est,</span> <span class='ocrx_word' id='word_1_259' title='bbox 982 3266 1120 3312; x_wconf 84' lang='lat' dir='ltr'>occursu</span> 
     </span>
     <span class='ocr_line' id='line_1_36' title="bbox 107 3328 1161 3419; baseline -0.006 -22"><span class='ocrx_word' id='word_1_260' title='bbox 107 3333 235 3399; x_wconf 86' lang='lat' dir='ltr'>comitis</span> <span class='ocrx_word' id='word_1_261' title='bbox 264 3333 383 3397; x_wconf 91' lang='lat' dir='ltr'>Marini</span> <span class='ocrx_word' id='word_1_262' title='bbox 410 3332 542 3397; x_wconf 87' lang='lat' dir='ltr'>territus</span> <span class='ocrx_word' id='word_1_263' title='bbox 570 3333 603 3392; x_wconf 87' lang='lat' dir='ltr'>et</span> <span class='ocrx_word' id='word_1_264' title='bbox 629 3329 664 3392; x_wconf 90' lang='lat' dir='ltr'>in</span> <span class='ocrx_word' id='word_1_265' title='bbox 691 3328 805 3415; x_wconf 88' lang='lat' dir='ltr'>fugam</span> <span class='ocrx_word' id='word_1_266' title='bbox 835 3356 960 3419; x_wconf 80' lang='lat' dir='ltr'>uersus,</span> <span class='ocrx_word' id='word_1_267' title='bbox 989 3340 1120 3418; x_wconf 88' lang='lat' dir='ltr'>arrepta</span> <span class='ocrx_word' id='word_1_268' title='bbox 1134 3351 1161 3392; x_wconf 79' lang='lat' dir='ltr'>es</span> 
     </span>
     <span class='ocr_line' id='line_1_37' title="bbox 105 3417 1118 3506; baseline 0.003 -22"><span class='ocrx_word' id='word_1_269' title='bbox 105 3424 184 3485; x_wconf 85' lang='lat' dir='ltr'>naui</span> <span class='ocrx_word' id='word_1_270' title='bbox 203 3423 290 3486; x_wconf 91' lang='lat' dir='ltr'>solus</span> <span class='ocrx_word' id='word_1_271' title='bbox 310 3421 542 3506; x_wconf 78' lang='lat' dir='ltr'>Carthaginem</span> <span class='ocrx_word' id='word_1_272' title='bbox 565 3417 661 3483; x_wconf 91' lang='lat' dir='ltr'>rediit</span> <span class='ocrx_word' id='word_1_273' title='bbox 680 3421 777 3502; x_wconf 85' lang='lat' dir='ltr'>atque</span> <span class='ocrx_word' id='word_1_274' title='bbox 795 3421 842 3485; x_wconf 91' lang='lat' dir='ltr'>ibi</span> <span class='ocrx_word' id='word_1_275' title='bbox 861 3422 1014 3486; x_wconf 85' lang='lat' dir='ltr'>continuo</span> <span class='ocrx_word' id='word_1_276' title='bbox 1035 3423 1118 3487; x_wconf 91' lang='lat' dir='ltr'>mili·</span> 
     </span>
     <span class='ocr_line' id='line_1_38' title="bbox 106 3503 1119 3591; baseline 0.006 -21"><span class='ocrx_word' id='word_1_277' title='bbox 106 3510 169 3572; x_wconf 88' lang='lat' dir='ltr'>tari</span> <span class='ocrx_word' id='word_1_278' title='bbox 197 3531 295 3573; x_wconf 90' lang='lat' dir='ltr'>manu</span> <span class='ocrx_word' id='word_1_279' title='bbox 323 3509 511 3575; x_wconf 85' lang='lat' dir='ltr'>interfectus</span> <span class='ocrx_word' id='word_1_280' title='bbox 542 3512 599 3574; x_wconf 86' lang='lat' dir='ltr'>est.</span> <span class='ocrx_word' id='word_1_281' title='bbox 646 3503 785 3571; x_wconf 81' lang='lat' dir='ltr'>Sabinus</span> <span class='ocrx_word' id='word_1_282' title='bbox 815 3528 914 3591; x_wconf 85' lang='lat' dir='ltr'>gener</span> <span class='ocrx_word' id='word_1_283' title='bbox 943 3509 1012 3573; x_wconf 89' lang='lat' dir='ltr'>eius</span> <span class='ocrx_word' id='word_1_284' title='bbox 1036 3508 1119 3576; x_wconf 84' lang='lat' dir='ltr'>Oon·</span> 
     </span>
    </p>
   </div>
   <div class='ocr_carea' id='block_1_4' title="bbox 0 0 1195 3960">
    <p class='ocr_par' dir='ltr' id='par_1_4' title="bbox 0 0 1195 3960">
     <span class='ocr_line' id='line_1_39' title="bbox 0 0 1195 3960; baseline 0 0"><span class='ocrx_word' id='word_1_285' title='bbox 0 0 1195 3960; x_wconf 95' lang='lat' dir='ltr'> </span> 
     </span>
    </p>
   </div>
  </div>
 </body>
</html>
