2370 3960
80 182 146 246 312
329 181 437 232 Pavur
456 181 580 233 oaosu
597 180 849 232 arsuoamavu

82 324 183 379 deinde
198 322 228 375 in
242 320 369 375 Africam
384 319 539 390 transfugit
552 321 582 374 11
595 319 653 375 filio
668 337 703 374 ex
711 319 799 374 Vtica
813 317 1077 374 sollicitatoRcmou

80 410 224 463 regressus
243 391 349 446 Cinnae
374 393 539 447 coniunctus
558 393 610 445 est.
648 391 685 445 ad
702 390 913 460 profligandam
930 406 992 445 rem
1008 387 1079 460 publi·

81 483 143 519 eam
162 464 191 515 in
211 465 333 532 quatuor
350 466 446 533 partes
466 462 620 517 exereitum
640 460 805 518 diuiserunt.
834 460 941 515 deinde
956 461 1004 516 Cn
1018 461 1080 515 Pon·

80 536 160 607 peius
172 552 235 589 cum
245 534 369 589 Sertorio
385 532 524 588 conflixit:
540 532 699 588 sescenteni
713 549 747 587 ex
760 534 883 601 utraque
897 534 981 602 parte
994 531 1082 586 milites

81 608 156 660 eaesi
181 607 259 672 sunt3
286 605 400 674 inipso
427 621 564 659 concursu
582 603 653 658 belli
670 604 758 658 frater
782 603 904 658 fratrem
930 603 1035 659 occidit
1054 602 1082 669 st

81 696 143 732 cum
163 677 223 731 eius
243 676 364 731 cadauer
383 675 555 745 agnouisset,
574 691 603 728 se
622 674 716 743 ipsum
734 691 820 745 super
837 690 904 729 eum
921 674 1048 745 peremit.
1059 704 1084 713 -

80 749 121 803 De
152 748 236 803 bellis
270 747 400 802 ciuilibus
429 763 480 816 per
510 762 598 799 annos
627 765 662 798 11
686 745 784 814 gestis.
826 745 936 801 Marius
960 743 1087 800 coloniam

83 820 242 875 Ostiensem
264 818 295 873 ui
317 818 460 887 ingressus
483 816 644 883 libidinem,
674 816 826 870 auaritiam
849 818 879 871 et
902 816 1088 871 crudelitatem
1121 842 1124 847 ·

83 893 215 946 exercuit.
252 890 401 958 Pompeius
428 888 547 942 fulmine
575 888 687 942 afflatus
715 886 827 941 interiit
854 889 885 941 et
913 887 949 942 de
979 888 1089 943 exercitu
1127 894 1130 899 '

82 963 141 1018 eius
167 983 196 1016 11
221 961 302 1015 milia
325 962 448 1026 mortua,
484 976 531 1013 sex
557 958 637 1013 milia
663 959 697 1013 de
723 960 804 1028 parte
834 958 951 1012 Octauii
979 956 1089 1014 consulis

83 1035 208 1088 siderate
218 1035 291 1086 sunt.
311 1032 412 1086 deinde
422 1030 681 1098 sequunturuariae
691 1028 883 1084 dissensiones
895 1029 1090 1098 atqueeaedee.

83 1106 162 1175 Sylla
184 1105 291 1174 primus
315 1103 443 1157 tabulam
461 1100 675 1171 proscriptionis
694 1101 850 1170 proposuit
888 1099 978 1155 Gaius
997 1098 1091 1154 Marius
1133 1126 1135 1131 ·

83 1178 180 1230 consul
200 1193 218 1230 a
230 1173 361 1229 Lucretio
381 1172 564 1227 obsidebatur
583 1173 619 1239 et,
638 1188 673 1225 11
687 1171 718 1224 in
731 1187 831 1225 manus
850 1170 994 1226 incideret
1011 1168 1092 1226 inimi·

83 1263 190 1314 eorum,
217 1263 281 1298 cum
300 1244 430 1307 Telesino
457 1242 571 1296 consule
592 1243 654 1313 [111]
674 1245 773 1296 mutua
790 1243 882 1297 morte
903 1241 1048 1298 concurrit
1070 1242 1095 1294 et

83 1321 183 1370 cetera.
209 1317 255 1385 [19
271 1321 286 1380 ξ
302 1316 329 1384 1]

153 1394 278 1447 XXXIII.
307 1391 364 1446 Vbi
376 1391 500 1445 Manlius
518 1393 670 1460 proconsul
684 1392 796 1448 Galliae
809 1392 840 1446 in
853 1392 1028 1463 Hispaniam
1040 1409 1096 1447 oum

81 1467 172 1519 tribus
198 1462 359 1533 legionibus
388 1465 417 1517 et
443 1463 523 1518 mille
549 1462 712 1532 quingentis
738 1464 881 1533 equitibus
907 1467 1097 1534 transgressus

83 1555 146 1591 cum
159 1534 300 1591 Hirtuleio
318 1534 458 1604 pugnauit
476 1537 506 1588 et
523 1534 646 1588 nudatus
667 1534 756 1605 copiis
775 1536 805 1589 in
823 1551 839 1588 o
861 1535 963 1605 pidum
980 1535 1098 1590 Ilerdam

81 1626 172 1679 paene
192 1607 268 1663 solus
287 1605 400 1676 refugit.
431 1605 582 1675 Pompeius
597 1607 742 1659 contracto
757 1606 834 1676 apud
871 1605 1013 1661 alentiam
1027 1623 1098 1662 exer-

84 1682 141 1734 citu
173 1681 265 1733 uictus
299 1677 418 1747 aufugit.
465 1677 612 1732 ciuitatem
639 1677 778 1731 anmam
804 1677 957 1745 Pompeius
990 1677 1098 1733 euertit

84 1749 262 1820 Calagurrim
276 1749 424 1803 Africanus
439 1749 525 1804 caede
536 1750 565 1802 11
573 1747 705 1801 incendio
720 1747 835 1802 deleuit.
860 1747 997 1802 Claudius
1012 1748 1100 1803 Maee-

84 1823 216 1876 donicum
234 1821 340 1875 bellum
360 1819 476 1873 sortitus
495 1819 589 1872 uarias
603 1821 703 1888 gentes
717 1819 748 1871 in
761 1817 905 1873 montibus
919 1819 1099 1889 Rhodopaeis

85 1911 117 1948 ae
136 1891 332 1947 Macedoniam
356 1891 543 1959 depopulatus
568 1892 618 1944 est.
656 1889 731 1943 inter
749 1892 844 1944 cetera
863 1891 961 1944 autem
977 1888 1100 1957 horrida,

84 1981 156 2033 quae
180 1963 318 2017 exereitus
343 1978 408 2014 suus
431 1961 462 2014 in
485 1962 613 2029 captiuos
637 1960 753 2029 agebat,
778 1960 832 2014 hoc
850 1960 962 2014 facinus
981 1960 1100 2029 addidit,

83 2036 137 2089 hoc
156 2037 207 2102 est,
226 2036 259 2088 ut
276 2032 374 2102 raptis,
394 2049 456 2084 oum
470 2031 571 2101 poculo
586 2048 656 2100 opus
672 2033 754 2098 esset,
773 2031 963 2086 humanorum
977 2032 1100 2103 capitum

45 2128 49 2135 ·
85 2106 195 2159 ossibus
224 2102 347 2157 eruentis
376 2101 576 2170 capillatisque
605 2102 696 2156 adhuc
726 2101 786 2156 sine
812 2102 929 2157 horrore
957 2105 1101 2173 tamquam

83 2175 158 2228 ueris
178 2173 287 2242 poculis
306 2172 439 2225 utebatur
459 2173 538 2244 [sie]‚
558 2172 692 2240 quoniam
710 2172 901 2227 cruentissimi
919 2174 1015 2229 cordis
1034 2176 1101 2241 erat,

85 2245 247 2312 etreliqua.
279 2245 325 2313 [23
340 2248 355 2307 ,t
370 2244 398 2313 1]

155 2322 293 2377 XXXIlIl.
322 2321 362 2375 De
377 2321 520 2389 caedibus,
533 2321 650 2392 rapinis,
664 2322 803 2378 incendiis
818 2323 979 2393 stuprisque
993 2322 1101 2407 gladia·

84 2400 178 2451 torum
201 2395 248 2450 uel
271 2392 470 2464 fugitiuorum,
495 2411 565 2463 quos
584 2393 699 2449 Crassus
718 2395 817 2448 consul
835 2394 883 2449 uel
900 2395 1018 2463 proeliis
1037 2410 1100 2466 pro·

86 2470 187 2524 strauit
206 2486 255 2523 seu
273 2468 361 2522 etiam
375 2467 458 2536 cepit.
491 2466 526 2520 de
541 2465 661 2521 diuersis
679 2465 762 2521 bellis
781 2465 957 2535 temporibus
976 2481 1100 2537 pagano-

84 2560 146 2595 rum
165 2539 261 2611 gestis.
290 2539 410 2611 [rw]

414 2718 593 2770 OAPITVLA
610 2718 710 2768 LIBRI
727 2718 774 2770 VI.

157 2837 177 2887 Ι.
206 2834 247 2888 De
273 2837 399 2890 naturali
423 2838 498 2892 bono
526 2839 673 2892 hominum
700 2839 729 2890 et
756 2836 865 2890 ratione
888 2835 993 2890 mentis
1017 2838 1102 2906 atque

85 2903 200 2969 iudicio,
221 2904 323 2970 quibus
342 2906 465 2973 genuino
484 2908 581 2961 fauore
601 2906 749 2961 scientiam
763 2906 816 2958 Dei
835 2907 917 2973 quasi
931 2923 1027 2962 arcem
1039 2923 1101 2978 pro·

86 2973 217 3044 spiciunt.
255 2972 289 3025 de
309 2973 435 3027 aduentu
455 2976 620 3031 saluatoris.
654 2977 689 3028 de
709 2973 763 3026 diis
782 2991 967 3044 paganorum.
1006 2979 1042 3033 de
1060 2978 1100 3032 in-

85 3042 247 3115 telligentia
264 3041 326 3094 noti
345 3043 374 3094 et
391 3041 484 3110 ignoti
503 3046 563 3099 Dei.
594 3049 620 3114 [1
637 3051 651 3109 ξ
667 3044 694 3115 1]

156 3117 189 3171 ΙΙ,
226 3114 268 3168 Ι)1
295 3111 461 3166 Mithridate
495 3131 562 3183 rege
591 3114 675 3167 Ponti
707 3116 792 3182 atque
824 3116 976 3174 Armeniae
1006 3123 1036 3176 et
1065 3120 1102 3175 de

87 3206 154 3260 rege
173 3186 362 3242 Ariobarzane
382 3184 411 3237 et
429 3183 464 3236 de
482 3184 636 3252 prouinciis
655 3184 722 3254 igne
749 3187 879 3256 ferroque
899 3206 916 3243 a
934 3191 1103 3246 Mithridate

86 3259 207 3316 uastatis
232 3262 262 3313 et
286 3257 321 3312 de
347 3254 522 3309 multimodis
548 3255 681 3310 caedibus
707 3258 897 3312 Rornanorum
921 3260 1041 3332 ciuium,
1068 3263 1103 3317 de

87 3332 225 3387 Archelao
240 3345 350 3400 quoque
365 3328 435 3382 duee
447 3324 623 3379 Mithridatis
643 3330 672 3380 et
690 3329 725 3382 de
745 3329 824 3383 clade
844 3331 983 3386 exercitus
1001 3333 1103 3402 ipsius,

87 3421 170 3472 quern
198 3403 277 3471 Sylla
304 3401 403 3456 consul
430 3413 518 3467 usque
547 3397 584 3451 ad
611 3397 833 3454 internecionem
859 3416 951 3469 paene
984 3403 1102 3460 deleuit.

87 3473 254 3528 Mithridate
276 3489 343 3528 uero
366 3471 451 3525 Asiae
473 3468 615 3540 principes
640 3469 767 3524 occidere
792 3470 958 3526 intendente
984 3473 1104 3544 Ephesii

86 3543 230 3614 praesidio
249 3542 309 3598 eius
328 3545 440 3598 excluso
458 3544 555 3612 portas
570 3538 740 3596 obiecerunt.
769 3541 804 3594 de
817 3539 943 3595 Fimbria
957 3545 987 3597 et
1000 3543 1104 3602 Flacco
