2370 3960
110 176 175 239 111
352 178 461 229 esem
480 176 602 229 ososu
619 177 868 229 meroamavu

111 320 382 385 adcumulauisset
416 343 454 386 ac
487 324 662 406 postquam
692 341 750 404 per
773 342 875 387 annos
900 321 1014 386 decem
1038 323 1122 387 omni

110 431 226 492 genere
258 409 428 474 hominum
457 409 609 476 exhausit
637 409 835 494 prouincias,
867 410 1055 494 putrefacto
1079 412 1122 477 in-

108 508 250 561 trorsum
274 501 405 581 pectore
426 502 458 563 et
477 499 632 563 uitalibus
652 499 828 581 dissolutis,
853 520 926 563 cum
945 499 1035 564 ultra
1053 499 1122 566 hor·

109 607 215 650 rorem
229 587 388 651 humanae
408 587 558 652 miseriae
577 586 675 651 etiam
694 607 819 652 uermes
838 590 1002 652 eructaret
1020 610 1122 673 neque

110 675 226 739 medici
256 677 344 740 ultra
370 676 435 739 iam
459 676 616 741 foetorem
639 676 780 740 ferentes
803 675 917 741 crebro
940 677 1033 740 iussu
1058 677 1144 742 eiust

58 777 90 825 13
112 764 346 829 occiderentur:
370 765 548 847 aquodam
566 763 689 830 medico
709 765 927 829 constantiam
951 786 991 828 ex
1015 765 1122 851 despe-

110 854 236 917 ratione
269 856 415 918 sumente
447 853 639 937 increpitus,
671 852 754 917 iram
786 851 849 918 Dei
881 875 952 918 esse
986 875 1122 938 poenam

111 963 203 1006 suam
228 947 324 1027 atque
347 942 418 1007 ideo
442 964 462 1005 a
485 941 617 1006 medicis
646 963 713 1006 non
739 963 835 1026 posse
863 941 985 1026 curari,
1013 943 1122 1009 edictis

22 1088 25 1094 .
110 1032 176 1094 late
192 1032 299 1096 missis
315 1027 519 1094 Christianos
539 1030 578 1094 de
598 1030 703 1094 exiliis
721 1030 898 1096 reuocauit.
929 1031 1002 1114 ipse
1015 1034 1121 1097 autem

59 1131 92 1180 14
112 1121 271 1183 cruciatus
299 1141 368 1184 non
396 1119 567 1196 sustinens¹
587 1119 654 1182 uim
681 1119 767 1190 uitae
796 1139 873 1183 suae
901 1119 1032 1184 adtulit
1078 1121 1122 1185 ita
1133 1134 1153 1174 1⁰

111 1208 292 1290 respublica
320 1211 397 1271 tunc
426 1208 486 1271 sub
515 1207 608 1271 nouis
641 1211 796 1290 quattuor
827 1207 1030 1291 principibus
1062 1209 1122 1275 fuit

111 1294 326 1359 Constantino
359 1298 391 1358 et
417 1293 597 1377 Maxentio,
629 1295 704 1359 filiis
731 1295 971 1380 Augustorum,
999 1295 1121 1364 Licinio

57 1397 90 1446 15
111 1387 218 1446 autem
248 1387 280 1445 et
308 1382 500 1465 Maximino,
527 1381 714 1448 hominibus
738 1385 842 1450 nouis.
888 1381 1121 1451 Constantinus

109 1492 221 1554 pacem
249 1471 389 1535 ecclesiis
414 1474 490 1555 post
513 1471 622 1535 decem
646 1494 748 1537 annos
773 1494 870 1557 quam
894 1495 914 1536 a
937 1479 1122 1557 persecuto·

59 1576 91 1624 16
110 1559 199 1623 ribus
222 1560 424 1625 uexabantur
446 1559 590 1625 indulsit.
626 1560 740 1625 deinde
762 1561 848 1626 inter
871 1560 1154 1629 constantianae

110 1653 142 1711 et
165 1646 367 1714 Maxentium
390 1649 513 1714 bellum
537 1648 631 1714 ciuile
655 1653 802 1716 exortum
825 1654 884 1716 est.
929 1649 1123 1738 Maxentius,

111 1760 205 1821 saepe
229 1739 339 1803 multis
359 1738 492 1822 proeliis
511 1738 678 1824 fatigatus,
700 1739 815 1804 ultime
833 1738 873 1802 ad
891 1742 1026 1823 pontem
1040 1739 1123 1806 Mul·

57 1842 89 1890 11
111 1827 200 1891 uium
217 1827 323 1892 uictus
335 1832 368 1892 et
376 1827 566 1892 interiectus
582 1830 640 1892 est.
663 1827 871 1912 Maximinus,
885 1830 1122 1910 persecutionis

111 1915 370 1981 Christianorum
380 1916 528 1980 incentor
539 1920 771 2000 exsecutorque
780 1915 1023 2002 infestissimus,
1037 1919 1123 2002 apud

110 2003 280 2086 Tharsum,
304 2005 379 2068 dum
400 2002 494 2068 ciuile
512 2005 634 2068 bellum
654 2009 767 2069 contra
786 2004 946 2069 Licinium
969 2005 1123 2092 disponit,
1135 2023 1157 2063 3

59 2106 91 2155 13
111 2092 243 2155 interiit.
289 2091 446 2174 Licinius,
475 2091 645 2176 repentina
672 2093 763 2157 rabie
791 2093 979 2178 suscitatus,
1011 2115 1122 2160 omnes

109 2178 312 2243 Christianos
335 2201 353 2243 e
376 2179 500 2263 palatio
525 2202 583 2245 suo
606 2180 702 2246 iussit
724 2181 850 2264 expelli.
895 2204 971 2247 mox
998 2183 1132 2255 bellum.

55 2284 88 2332 13
108 2267 193 2330 inter
216 2267 323 2350 ipsum
345 2266 506 2332 Licinium
530 2271 563 2332 et
585 2265 837 2334 Constantinum
861 2271 1019 2338 efferbuit.
1067 2274 1123 2339 sed

109 2353 344 2422 Constantinus
359 2356 529 2441 Licinium,
544 2358 663 2424 sororis
679 2380 756 2427 suae
770 2359 885 2443 uirum,
903 2359 939 2423 in
952 2359 1124 2427 Pannonia

108 2446 250 2528 primum
278 2447 370 2526 uicit,
398 2446 512 2512 deinde
540 2448 625 2533 apud
649 2446 780 2514 Cibalas
809 2447 972 2532 oppressit
993 2451 1122 2516 uniuer·
1135 2465 1160 2508 2⁵

109 2557 209 2620 saque
238 2535 375 2602 Graecia
407 2535 530 2621 potitus
561 2537 721 2603 Licinium
751 2538 874 2603 'crebris
906 2537 1002 2602 bellis
1034 2543 1123 2606 terra

110 2626 255 2708 marique
284 2627 512 2712 adsurgentem
541 2631 574 2692 et
601 2648 784 2710 repressum
807 2627 937 2692 tandem
961 2627 1003 2692 ad
1028 2623 1121 2694 ldedi-
1135 2656 1175 2695 r·

57 2727 91 2775 1ο
110 2713 232 2776 tionem
247 2716 367 2800 coegit,
387 2715 443 2779 sed
458 2715 603 2781 Herculii
617 2715 809 2780 Maximiani
823 2717 923 2781 soceri
943 2717 993 2780 sui
1011 2721 1121 2784 motus

108 2802 263 2882 exemplo,
286 2823 327 2864 ne
346 2803 463 2866 iterum
483 2803 666 2886 depositam
687 2825 864 2887 purpuram
887 2805 921 2869 in
945 2807 1120 2890 perniciem

54 2903 87 2950 11
107 2886 302 2968 reipublicae
331 2894 487 2974 sumeret,
513 2893 677 2974 priuatum
704 2892 799 2956 iussit
828 2893 942 2977 occidi3
972 2896 1120 2980 quamuis
1134 2913 1159 2953 ³⁰

108 2973 257 3038 omnibus
276 2974 342 3037 iam
365 2977 523 3042 ministris
546 2979 688 3043 nefariae
710 2980 945 3061 persecutionis
970 2984 1120 3050 extinctis

107 3064 338 3146 huncquoque
361 3063 396 3125 in
420 3067 575 3146 quantum
600 3086 727 3130 exerere
751 3068 859 3149 potuit
881 3076 1120 3154 persecutorem

55 3171 88 3219 11
109 3153 207 3238 digna
235 3151 360 3236 punitio
389 3151 560 3236 flagitaret.
606 3150 814 3220 Constantini
837 3158 905 3243 filii,
929 3157 1064 3244 Crispus
1088 3166 1121 3227 et

109 3241 343 3307 Constantinus
374 3244 406 3306 et
434 3239 576 3305 Licinius
607 3240 808 3330 adulescens,
838 3245 944 3313 Licini
974 3247 1120 3333 Augusti

107 3331 207 3410 filius,
239 3329 444 3396 Constantini
473 3331 581 3395 autem
612 3352 650 3394 ex
682 3353 793 3399 sorore
820 3357 934 3420 nepos,
965 3333 1119 3403 Caesares
1134 3354 1159 3396 es

108 3424 184 3482 sunt
206 3421 315 3486 creati.

55 3524 88 3573 13
175 3507 236 3572 His
265 3509 377 3574 diebus
400 3509 530 3593 Arrius,
558 3508 797 3576 Alexandrinae
824 3511 912 3575 urbis
938 3507 1117 3596 presbyter,
