2370 3960
82 200 147 263 316
328 200 436 249 PAVLI
454 199 578 250 OROSII
594 197 846 250 HISTORIARVM

83 343 165 410 cepit.
204 339 288 406 Cato,
307 339 390 406 luba,
408 336 536 393 Petreius
559 337 617 408 ipsi
639 353 669 391 se
688 336 745 392 suis
764 336 870 407 gladiis
888 336 1080 407 ingulauerunt

84 413 186 466 Caesar
200 410 328 479 Pompeii
346 411 464 480 nepotes
483 409 565 463 iussit
583 407 687 474 occidi3
706 408 773 462 inde
787 407 887 462 urbem
904 406 1081 478 ingressnset

81 483 146 535 inde
165 484 195 534 iu
212 480 365 549 Hispanias
389 480 531 550 profectus
551 499 617 535 xvn.
633 479 679 532 die
700 478 859 548 Saguntum
877 482 967 548 uenit,
986 482 1014 534 et
1030 477 1081 533 reli·

81 569 144 621 qua.
184 553 229 623 [16
245 558 260 619 5
274 560 290 607 3
304 552 416 623 postea]
997 604 1005 617 ,

152 622 225 676 XVI.
255 622 358 678 Caesar
376 624 495 677 Romam
518 621 629 677 rediens
652 620 683 675 in
705 621 783 676 ouria
802 621 911 677 occisus
931 624 975 676 est
993 623 1022 677 et
1038 637 1084 676 cor-

80 692 827 838 recturae>r3d,trattati
853 692 1085 747 ...nm
1125 666 1132 751 ¹·

464 806 470 831 ,
650 807 655 818 .

153 837 238 892 XVII.
259 837 329 890 Iulio
348 836 466 891 Caesare
485 833 634 889 interfecto
654 833 836 901 Octauianus,
856 834 906 904 qui
923 837 1025 905 postea
1039 834 1087 889 Au·

81 910 181 976 gustus
205 910 248 962 est
272 907 377 973 dictus,
400 923 493 961 rerum
516 923 626 960 summa
643 905 752 976 potitus
771 905 849 960 bella
866 906 993 975 plurIma
1009 904 1089 976 gessit

81 983 111 1031 et
136 980 290 1033 Antonium
313 978 385 1032 uicit
410 981 440 1032 et
464 978 583 1048 fugauit.
622 976 725 1031 Caesar
749 976 906 1031 Antonium
933 976 1042 1059 recepit
1064 976 1090 1030 iu

82 1051 203 1118 gratiam
222 1051 308 1117 atque
327 1048 455 1103 obsidem
473 1047 712 1103 reconciliationis
729 1047 818 1102 filiam
837 1048 898 1102 eins
916 1045 1089 1103 matrimonio

82 1121 199 1174 sortibus
218 1122 268 1176 est.
302 1137 399 1190 pugna
417 1137 474 1175 non
492 1120 597 1174 uirtute
611 1118 729 1172 Antonii
748 1118 798 1173 sed
812 1118 943 1173 Caesaris
962 1119 1091 1174 felicitate

82 1192 212 1245 confecta
231 1193 282 1258 est,
302 1196 331 1245 et
349 1191 467 1258 reliqua.
498 1192 545 1262 [18
560 1197 574 1256 ξ
591 1191 618 1261 1]

154 1262 252 1314 XVIII.
280 1261 322 1315 De
344 1261 446 1314 Fuluia
469 1278 555 1316 uxore
580 1260 710 1327 Antonii,
735 1277 807 1330 quae
826 1261 980 1315 Caesarem
1003 1261 1092 1315 contu

81 1332 173 1384 meliis
192 1334 221 1385 et
238 1330 351 1385 insidiis
368 1331 466 1400 petiit3
491 1349 508 1384 a
531 1347 586 1400 quo
609 1333 777 1401 propulsata
799 1331 836 1385 ad
854 1331 1013 1386 Antonium
1035 1348 1117 1387 con·-

81 1403 166 1454 oessit
194 1404 223 1454 in
250 1399 406 1455 Graeciam.
454 1401 515 1457 Sex.
545 1403 695 1472 Pompeius
728 1419 807 1456 oram
834 1402 935 1456 Italiae
964 1403 1093 1468 uastauit,

82 1471 179 1525 Sicilia
196 1474 346 1542 praerepta
364 1473 484 1527 Romam
503 1472 577 1528 fame
597 1473 704 1541 affecit,
728 1490 793 1527 mox
815 1473 959 1528 triumuiri
984 1490 1047 1528 cum
1064 1487 1093 1527 eo

79 1559 179 1611 pacem
198 1543 332 1610 fecerunt,
352 1544 517 1613 etreliqua.
540 1546 586 1616 [18
601 1549 672 1618 51⁷]

153 1613 264 1671 XVIIII.
292 1614 334 1669 De
353 1635 430 1670 xnnrr
452 1616 621 1685 legionibus,
641 1632 713 1685 quae
731 1617 799 1669 tunc
820 1614 871 1668 sub
890 1615 1012 1685 imperio
1031 1616 1095 1672 Cae·

82 1686 152 1739 saris
172 1688 259 1740 erant
288 1686 393 1741 milites
408 1703 459 1757 pro
474 1687 645 1755 accipiendis
660 1686 736 1757 agris
749 1686 888 1740 tumultus
903 1686 1097 1742 excitauerunt

81 1757 131 1810 sed
151 1757 254 1812 Caesar
272 1776 309 1811 xx
331 1759 413 1812 milia
438 1758 632 1812 exauctorauit
654 1758 792 1826 militurn,
817 1762 864 1816 i}
883 1772 1030 1814 seruorum
1049 1758 1095 1811 do·

81 1828 165 1881 minis
184 1828 321 1896 restituit,
341 1840 388 1897 ἢ,
415 1845 534 1896 quorum
558 1829 664 1885 domini
687 1845 745 1883 non
768 1828 918 1896 extabant,
938 1830 969 1882 ln
989 1844 1096 1884 crucem

81 1899 148 1966 egit.
180 1901 226 1970 [18
241 1906 256 1965 s
270 1902 318 1972 aa]

153 1971 213 2024 XX.
242 1971 299 2025 Vbi
323 1971 415 2025 oleum
434 1987 449 2024 c
468 1973 545 2026 terra
568 1971 722 2026 exundauit
740 1973 769 2025 et
786 1968 950 2040 largissimo
968 1971 1031 2026 riuo
1048 1986 1097 2040 per

81 2042 173 2095 totum
192 2041 268 2095 diem
285 2042 374 2095 fluxit.
406 2041 548 2096 Antonius
564 2044 729 2097 Artabanen
746 2057 843 2111 regern
861 2040 1015 2097 Armeniae
1033 2041 1096 2096 dolo

82 2114 170 2179 cepit;
186 2128 269 2180 quem
278 2115 414 2181 argentea
424 2116 525 2167 catena
539 2113 666 2167 uinctum
680 2113 717 2167 ad
732 2111 939 2167 confessionem
952 2113 1096 2168 thesauro

80 2200 142 2234 rum
160 2182 303 2251 regiorum
321 2183 415 2252 coegit
434 2185 463 2236 et
480 2199 615 2252 magnam
633 2184 692 2237 uim
706 2183 768 2237 auri
782 2183 950 2251 argentique
964 2183 1095 2250 abstulit;

81 2269 137 2319 qua
152 2253 242 2306 elatus
259 2255 380 2321 pecunia
393 2255 423 2307 et
435 2253 543 2307 bellum
553 2253 681 2308 Caesaris
695 2255 865 2324 contempsit
880 2256 909 2308 et
922 2255 1006 2309 uxori
1023 2270 1096 2320 suae,

81 2324 171 2377 sorori
189 2322 327 2390 Caesaris,
345 2325 493 2395 repudium
512 2324 593 2379 dedit
610 2328 640 2380 et
654 2326 834 2396 Cleopatram
853 2324 909 2379 sibi
927 2340 963 2379 ex
976 2325 1097 2380 Alexan·

81 2395 144 2450 dna
154 2412 298 2450 occurrere
309 2398 461 2467 praecepit.
489 2397 577 2452 etubi
587 2396 670 2452 dixit:
690 2396 779 2452 remi
797 2395 890 2449 salui
914 2396 998 2462 sint3
1022 2413 1097 2451 nam

81 2468 237 2538 remiges
256 2485 324 2522 non
343 2468 495 2524 deerunt.
529 2469 563 2523 de
578 2469 654 2523 bello
668 2469 784 2536 famoso,
804 2466 880 2535 quod
895 2467 972 2590 αΡυᾶ
985 2467 1099 2522 Actium

81 2538 143 2607 fult,
164 2544 192 2594 et
211 2542 312 2596 cetera.
349 2541 489 2595 Antonius
509 2540 627 2595 Caesare
645 2541 812 2610 insequente
831 2553 891 2591 sese
923 2554 986 2593 erro
1004 2541 1097 2593 trans-

81 2611 255 2678 uerberauit3
281 2611 432 2681 Cleopatra
455 2629 484 2666 se
508 2612 615 2666 seruari
637 2612 674 2665 ad
692 2610 865 2680 triumphum
883 2608 1050 2679 intelligens
1067 2609 1097 2663 in

81 2680 196 2735 sinistro
221 2682 337 2735 brachio
363 2683 521 2737 uoluntario
546 2685 625 2737 tacta
644 2683 782 2752 serpentis
800 2697 895 2735 morsu
918 2678 1043 2749 interiit,
1068 2680 1098 2734 et

81 2753 182 2803 cetera.
213 2754 258 2822 [18
274 2759 288 2817 ξ
303 2758 338 2804 34
351 2752 408 2823 his]

152 2821 223 2874 XXI.
250 2822 293 2875 De
311 2826 440 2890 Augusto
460 2825 578 2879 Caesare
597 2825 626 2878 et
644 2824 679 2878 de
698 2823 869 2893 Epiphania,
889 2821 966 2890 quod
983 2839 1036 2877 nos
1055 2820 1096 2875 di-

80 2886 170 2941 cimus
190 2891 403 2958 apparitionem.
430 2895 512 3014 ΒΜ
528 2896 555 2964 1]

151 2959 237 3015 XXII.
266 2960 369 3014 Caesar
383 2977 417 3013 ex
457 2963 584 3032 pellonia
601 2963 712 3016 rediens
731 2964 830 3017 urbem
843 2962 1012 3032 ingreditur,
1025 2963 1097 3017 hora

80 3029 192 3084 circiter
214 3030 301 3085 tertia
323 3029 444 3084 circulus
464 3034 501 3085 ad
520 3033 643 3101 speciem
661 3033 791 3087 caelestis
810 3050 892 3087 arcus
911 3035 1009 3088 orbem
1028 3034 1095 3089 solis

80 3103 189 3158 ambiit.
225 3101 256 3156 in
281 3100 380 3156 diebus
405 3101 475 3170 ipsis
500 3103 563 3156 fons
589 3104 646 3159 olei
671 3103 706 3157 de
731 3106 850 3161 taberna
874 3104 1021 3159 meritoria
1045 3121 1097 3175 per

80 3177 172 3228 totum
196 3173 271 3229 diem
289 3173 377 3228 fluxit.
414 3171 460 3224 hic
479 3173 587 3242 optima
605 3175 779 3243 comparatio
799 3177 859 3230 siue
878 3176 1040 3245 explanatio
1060 3175 1095 3229 de

80 3245 141 3314 ipso
160 3247 239 3301 fonte
258 3245 321 3301 olei.
346 3246 393 3315 [20
407 3249 423 3309 ὅ
437 3243 467 3314 b]

152 3317 251 3372 XXIII.
279 3317 321 3371 De
341 3314 487 3372 Cantabris
510 3315 594 3382 atque
612 3315 774 3385 Asturibas,
800 3318 908 3372 duabus
931 3316 1095 3372 fortissimis

80 3386 236 3457 Hispaniae
262 3388 408 3458 gentibus,
435 3402 505 3455 quae
525 3384 685 3442 Callaeciae
710 3388 873 3457 prouinciae
899 3387 993 3456 portio
1020 3390 1094 3455 sunt,

79 3456 207 3512 Romano
226 3459 345 3528 imperio
359 3458 574 3523 rebellantibus;
593 3473 663 3525 quas
679 3457 782 3513 Caesar
795 3458 843 3512 uel
860 3473 911 3526 per
930 3474 960 3511 se
978 3457 1026 3511 uel
1044 3474 1096 3529 per

79 3525 191 3594 legatos
215 3545 280 3583 suos
304 3533 354 3584 aut
376 3532 451 3588 fame
474 3528 596 3585 confecit
617 3531 668 3583 aut
690 3530 777 3583 caede
802 3527 910 3581 deleuit
934 3527 981 3581 uel
1007 3527 1094 3582 annis
