2370 3960
121 195 166 259 36
368 189 617 242 Psmoltosfl
633 189 882 240 msrommvu

118 339 313 415 Romanum,
329 332 423 417 qnasi
439 333 526 396 inter
543 335 670 416 patrem
688 352 798 395 senem
814 352 853 396 ae
865 331 970 395 filium
983 353 1130 415 paruum,

116 426 307 490 Africanum
340 443 377 485 ac
404 419 647 485 Macedonicum
678 419 792 484 breuia
823 423 857 483 et
885 419 1005 503 media,
1038 423 1131 504 quasi

115 517 206 577 tutor
228 513 420 593 curatorque
441 512 601 574 uenerunt
618 511 782 592 potestate
800 507 957 592 temporis
975 529 1043 572 non
1061 510 1131 574 inre

114 598 306 665 hereditatis
333 597 475 668 admissi
522 597 609 681 quod
635 600 746 660 utrum
772 598 819 661 ita
842 597 899 681 sit,
926 599 1131 680 apertissime

115 687 265 772 expedire
288 687 417 751 curabo.
1157 703 1171 744 a

80 784 98 838 2
184 774 260 840 lBer
292 776 416 860 primus
446 773 532 858 apud
558 773 712 859 Assyrios
718 798 728 858 5
758 774 814 858 qui
842 775 983 839 eminere
1011 775 1129 841 ceteris
1143 803 1168 841 n·

114 866 232 950 potuit,
254 861 361 928 Ninus
383 861 455 927 fuit
495 862 603 928 occiso
625 860 714 927 Nino
734 860 923 928 Samiramis
946 884 1027 927 uxor
1049 865 1128 949 eius,

115 955 218 1020 totins
248 951 347 1018 Asiae
383 951 511 1037 regina,
547 949 754 1036 Babylonam
785 951 900 1016 urbem
931 951 1129 1018 instaurauit

81 1047 277 1128 acaputque
309 1041 402 1125 regni
434 1040 579 1125 Assyriis
611 1043 648 1105 ut
680 1046 766 1105 esset
797 1040 949 1106 instituit.
993 1061 1130 1125 regnum

114 1131 323 1214 Assyriorum
349 1128 406 1193 diu
433 1130 629 1196 inconcussa
655 1129 804 1214 potentia
833 1129 940 1212 stetit;
972 1129 1029 1193 sed
1056 1152 1130 1194 cum
1145 1149 1171 1188 ιο

93 1220 268 1302 -Arbatus,
293 1237 389 1300 quem
412 1216 468 1281 alii
492 1216 641 1282 Arbacen
664 1222 791 1300 uocant,
815 1217 997 1300 praefectus
1021 1216 1130 1283 Medo·

113 1326 186 1372 rum
217 1305 365 1390 idemque
396 1305 529 1370 natione
555 1304 686 1389 Medus,
718 1302 987 1389 Sardanapallum
1018 1326 1129 1392 regem

115 1417 208 1460 sunm
236 1393 322 1478 apud
344 1393 547 1478 Babylonem
574 1392 802 1474 interfecisset,
829 1395 924 1480 regni
951 1416 1070 1460 nomen
1097 1399 1130 1460 et

79 1499 274 1549 asummam
298 1481 338 1547 ad
360 1479 473 1547 Medos
496 1482 674 1547 transtulit.
720 1482 768 1546 ita
790 1480 871 1547 Nini
895 1487 927 1547 et
949 1481 1128 1568 Babylonis

114 1592 250 1658 regnum
278 1591 316 1635 eo
345 1591 429 1635 anno
457 1571 492 1634 in
515 1568 628 1635 Medos
655 1569 838 1635 deriuatnm
861 1574 924 1655 est,
953 1593 1018 1656 quo
1041 1593 1127 1637 anno
1143 1591 1170 1632 15

115 1660 200 1745 apud
223 1658 357 1727 Latinos
382 1658 510 1742 Procas,
533 1658 644 1723 Amuli
668 1663 700 1723 et
717 1657 901 1725 Numitoris
923 1666 1024 1744 pater,
1048 1682 1128 1726 auus

115 1751 224 1815 autem
242 1746 350 1813 Rheae
366 1744 495 1831 Siluiae,
519 1768 601 1832 quae
624 1751 731 1812 mater
744 1746 877 1813 Romuli
897 1747 969 1833 fuit,
991 1769 1129 1834 regnare

80 1838 230 1922 scoepit.
275 1838 313 1903 ut
342 1837 450 1903 autem
478 1837 589 1901 omnia
616 1835 698 1901 haec
720 1836 940 1902 ineffabilibus
964 1839 1128 1921 mysteriis

116 1931 148 1992 et
175 1923 435 2011 profundissimis
458 1921 521 1988 Dei
548 1923 675 1989 iudiciis
703 1923 875 2008 disposita,
901 1947 967 1991 non
990 1932 1048 1990 aut
1069 1926 1140 2012 hu·-

114 2015 218 2079 manis
237 2011 361 2078 uiribus
381 2013 437 2078 aut
455 2011 587 2077 incertis
607 2011 737 2077 casibus
755 2013 909 2079 accidisse
928 2013 1129 2099 perdoceam,
1143 2032 1170 2073 20

115 2122 226 2168 omnes
249 2099 405 2166 historiae
429 2099 582 2184 antiquae
606 2097 731 2166 aNino
754 2100 925 2187 incipiunt,
948 2124 1061 2189 omnes
1079 2104 1128 2168 bi·

79 2203 96 2253 a
116 2189 233 2255 storias
254 2187 419 2254 Romanae
443 2186 584 2254 aProoa
607 2188 803 2255 exoriuntur.
841 2189 956 2255 deinde
980 2215 1000 2256 a
1022 2193 1128 2276 primo

115 2299 200 2344 anno
228 2275 355 2361 imperii
378 2273 457 2342 Nini
484 2295 586 2360 usque
608 2296 673 2360 quo
696 2275 848 2362 Babylon
871 2301 891 2344 a
915 2278 1130 2346 Samiramide

114 2366 289 2435 instaurari
318 2367 434 2449 coepta
461 2366 523 2447 est,
553 2364 775 2430 interueniunt
802 2367 879 2431 anni
901 2385 1019 2453 nunu,
1048 2373 1082 2434 et
1109 2393 1129 2434 a

115 2455 220 2540 primo
240 2474 324 2520 anno
339 2451 468 2535 Procae,
488 2473 562 2517 oum
580 2471 717 2536 regnare
735 2455 851 2538 coepit,
868 2477 970 2541 usque
989 2457 1031 2522 ad
1050 2479 1127 2524 con-
1142 2476 1168 2516 25

116 2543 272 2610 ditionem
289 2540 378 2608 urbis
401 2535 531 2606 falotam
551 2560 570 2604 a
588 2538 729 2607 Romulo
747 2543 910 2609 intersunt
928 2567 1029 2629 aeque
1049 2548 1127 2612 anui
1139 2575 1162 2614 u-

115 2649 226 2697 nx1111.
271 2631 317 2696 ita
347 2628 504 2715 regnante
532 2625 636 2693 Proca
662 2629 791 2695 futurae
819 2631 944 2697 Romae
972 2636 1126 2700 sementis

114 2721 201 2785 iacta
224 2722 286 2801 est,
309 2717 369 2782 etsi
391 2714 534 2783 noudum
558 2736 691 2799 germen
714 2722 859 2801 apparet
905 2718 1018 2782 eodem
1041 2741 1128 2786 anno

114 2807 207 2891 regni
230 2805 332 2890 ipsius
350 2804 471 2870 Procae
484 2799 665 2885 Babylonis
688 2822 824 2887 regnum
843 2803 968 2879 defecit,
991 2806 1053 2869 etsi
1072 2807 1126 2871 ad·

81 2896 178 2960 chuc
200 2893 352 2978 Babylon
375 2891 446 2977 ipsa
469 2888 627 2957 oonsistit
659 2887 844 2954 discedente
866 2894 976 2955 auum
999 2891 1126 2962 Arbato
1140 2915 1168 2956 so

115 2985 150 3050 in
172 2981 299 3065 Medos,
327 2984 453 3065 partem
480 2976 573 3063 regni
595 2996 695 3063 penes
719 2997 754 3042 se
776 2977 938 3044 munnere
960 2975 1126 3070 Chaldaei,

80 3071 83 3076 ’
116 3073 171 3158 qui
198 3069 401 3154 Babylonem
433 3066 496 3133 sibi
528 3064 698 3131 aduersum
725 3062 839 3131 Medos
868 3064 1126 3140 uindicauerunt.

82 3162 164 3227 uita
186 3157 388 3243 Babyloniae
410 3157 555 3241 potestas
578 3151 664 3237 apud
687 3149 809 3231 Nodos,
832 3153 1016 3237 proprietas
1039 3163 1126 3243 apud

117 3248 295 3316 Chaldaeos
318 3245 394 3311 fuit:
421 3240 576 3309 Chaldaei
599 3242 708 3307 aretem
730 3241 864 3325 propter
884 3241 1054 3327 antiquam
1076 3269 1125 3313 re

118 3339 190 3421 giae
217 3336 304 3401 urbis
333 3333 525 3419 dignitatem
552 3348 619 3395 non
645 3326 735 3395 illam
764 3346 871 3395 sireni.
899 3326 956 3394 sed
978 3351 1014 3397 ee
1036 3333 1165 3403 illinere

81 3439 99 3488 s
117 3447 233 3490 uocare
256 3423 445 3489 maluerunt
472 3416 557 3485 uude
574 3415 696 3483 fautum
715 3416 774 3491 est,
796 3417 830 3479 ut
844 3410 1124 3490 Nabuchodonce

118 3536 171 3580 sor
189 3513 348 3598 ceterique
365 3513 441 3596 post
459 3528 531 3575 eum
547 3523 649 3589 usque
662 3500 702 3570 ed
716 3500 836 3588 sumu
849 3520 954 3589 mee,
972 3512 1124 3592 quamuis
