2370 3960
133 127 200 191 232
225 132 333 182 PAVLI
352 131 475 183 OROSII
493 131 745 184 HISTORIARVM
762 133 845 186 ADV.
863 133 942 188 PAG.
962 136 1003 185 VI
1022 139 1065 188 22.

131 276 209 336 tunc
233 274 373 356 primum
397 273 483 339 idem
502 272 636 359 Caesar,
661 296 756 359 quem
778 275 830 340 his
854 276 958 340 tantis
983 277 1140 361 mysteriis

129 361 430 443 praedestinauerat
448 361 700 447 Deus,·censum
725 365 779 448 agi
802 364 1009 448 singularum
1028 365 1141 450 ubique

92 500 96 507 .
118 450 372 553 'qrouinciarum
392 455 424 516 et
442 452 565 517 censeri
584 473 697 516 omnes
715 451 864 517 homines
888 452 993 537 iussit,
1017 453 1141 537 quando

109 588 122 599 2
181 538 269 603 Deus
294 539 392 605 homo
412 541 514 605 uideri
534 543 567 606 et
586 561 654 605 esse
671 540 827 626 dignatus
847 543 906 606 est.
942 543 1024 607 tunc
1046 541 1142 626 igitur

129 630 226 692 „atus
242 632 292 693 est
307 626 464 713 Christus,
482 628 628 695 Romano
648 629 758 693 censui
776 629 889 693 statim
907 628 1092 714 adscriptus
1110 633 1143 693 ut
1163 646 1173 686 1

96 725 110 772 ⁷
130 719 227 782 natus
252 721 309 782 est.
345 718 425 782 haec
445 721 495 783 est
512 718 617 802 prima
635 717 693 781 illa
707 716 955 800 'clarissimaque
974 717 1144 801 professio,

130 826 212 888 quae
232 804 403 872 Caesarem
427 807 571 873 omnium
590 806 768 890 principem
786 805 1017 891 Romanosque
1040 827 1144 881 rerum

130 893 280 962 dominos
291 896 482 981 singillatim
493 898 682 961 cunctorum
695 895 864 960 hominum
878 893 967 959 edita
977 894 1144 979 adscripti-

131 1005 192 1048 one
217 986 374 1071 signauit,
401 985 435 1049 in
459 1007 524 1069 qua
547 1007 580 1049 se
605 987 637 1048 01
659 984 738 1067 ipsc,
761 984 815 1067 qui
838 985 972 1048 cunctos
996 983 1143 1048 homines

130 1071 222 1156 fecit,
259 1074 398 1138 inueniri
436 1073 601 1137 hominem
638 1072 839 1156 adscribique
876 1071 962 1135 inter
994 1071 1143 1136 homines
1158 1089 1177 1128 10

130 1161 248 1224 uoluit:
264 1159 349 1244 quod
362 1162 495 1242 penitus
510 1181 688 1243 numquam
704 1161 745 1224 ab
761 1159 838 1225 orbe
849 1158 980 1224 condito
993 1163 1093 1245 atquc
1103 1161 1143 1224 ab

130 1248 261 1310 exordio
280 1249 412 1332 generis
436 1248 570 1311 humani
588 1248 623 1311 in
642 1246 729 1312 hunc
747 1247 879 1312 modum
891 1243 938 1311 ¹nc
956 1245 1144 1332 Babylonio
1172 1267 1174 1272 ’

129 1334 258 1416 quidem
277 1335 330 1398 uel
349 1333 568 1420 Macedonico,
592 1337 716 1400 utnon
733 1335 839 1400 dicam
857 1336 975 1400 minori
994 1337 1145 1421 cuiquam

94 1433 110 1481 8
130 1442 230 1505 regno
245 1443 433 1487 concessum
446 1423 518 1489 fuit
545 1445 605 1489 nec
619 1423 762 1509 dubium,
782 1425 860 1509 quin
875 1424 1020 1489 omnium
1034 1426 1144 1510 cogni·

129 1509 212 1573 tioni
235 1510 310 1575 fidei
328 1512 585 1597 inspectionique
608 1516 729 1598 pateat,
752 1514 829 1598 quia
848 1511 1009 1577 Dominus
1032 1517 1145 1579 noster
1159 1531 1180 1569 10

129 1596 221 1662 Iesus
237 1598 387 1665 Christus
402 1601 487 1667 hanc
506 1603 619 1668 urbem
637 1606 721 1666 nutu
738 1625 796 1668 suo
816 1605 944 1667 auctam
965 1600 1144 1685 defensam-

130 1709 190 1771 que
209 1688 244 1751 in
262 1689 349 1755 hunc
366 1712 474 1754 rerum
499 1691 622 1775 apicem
645 1692 839 1775 prouexerit,
862 1691 951 1755 cuius
976 1691 1145 1773 potissime

129 1775 234 1840 uoluit
253 1799 323 1865 esse
348 1800 419 1843 cum
442 1781 542 1862 uenit,
566 1779 717 1843 dicendus
742 1779 853 1863 utique
877 1779 956 1842 ciuis
976 1777 1144 1843 Romanus

129 1885 242 1929 census
260 1866 463 1949 professione
482 1866 630 1932 Romani.

93 1964 109 2012 9
192 1952 410 2029 Quamobrem
429 1954 505 2038 quia
523 1954 610 2018 adid
625 1953 780 2036 temporis
793 1954 986 2034 peruentum
1001 1958 1061 2038 est,
1080 1977 1145 2040 quo
1159 1973 1183 2012 10

129 2044 163 2106 01
185 2042 346 2107 Dominus
371 2041 519 2108 Christus
544 2041 629 2105 hunc
652 2039 807 2103 mundum
833 2039 973 2121 primum
999 2041 1146 2108 aduentu

131 2151 188 2194 suo
207 2130 397 2196 inlustrauit
410 2150 609 2214 regnumque
624 2127 756 2193 Caesari
768 2126 1074 2209 tranquillissimum
1089 2131 1145 2193 de-

131 2218 187 2302 dit,
201 2217 291 2284 hunc
310 2240 435 2304 quoque
455 2221 580 2283 sextum
597 2215 744 2281 libellum
761 2215 823 2280 hoc
836 2214 901 2279 fine
915 2214 1144 2284 concluserim:

78 2311 168 2372 10111
201 2308 416 2393 germinantia
448 2309 596 2390 tempora
629 2301 818 2381 Christiana
848 2303 1017 2389 magisque
1040 2305 1144 2371 ‘inter

130 2398 361 2481 reprimentum
385 2417 500 2460 manus
524 2395 702 2460 crescentia
724 2397 757 2459 et
781 2401 863 2479 quae
886 2393 989 2459 adhuc
1011 2393 1046 2457 in
1070 2416 1144 2478 pro·
1158 2413 1184 2454 as

130 2490 227 2551 uectu
250 2487 356 2570 posita
377 2485 495 2550 horum
523 2485 684 2570 ipsorum,
708 2484 824 2569 quibus
846 2484 927 2548 haec
945 2483 1143 2566 respondere

130 2576 290 2658 cogimur,
319 2575 532 2639 insectatione
563 2573 765 2658 mordentur,
782 2573 934 2664 ⁴septimo
962 2570 1087 2654 libello,
1115 2573 1143 2636 si

128 2664 240 2726 tamen
277 2656 451 2727 adiuuante
482 2663 625 2729 Domino
665 2663 834 2746 suffecero,
874 2659 1142 2743 conprehendam,

74 2759 109 2806 11
130 2751 182 2831 ut,
214 2751 368 2832 quoniam
399 2751 439 2815 ab
470 2752 564 2817 initio
591 2755 624 2815 01
648 2771 780 2836 peccare
804 2749 951 2814 homines
977 2752 1010 2812 et
1034 2749 1142 2833 puniri

128 2841 263 2920 propter
285 2842 421 2922 peccata
439 2862 505 2905 non
523 2840 623 2922 tacui,
650 2860 737 2903 nunc
761 2859 901 2922 quoque,
929 2859 1012 2920 quae
1034 2857 1141 2919 perse·
1155 2855 1183 2895 ae

128 2925 275 2990 cationes
307 2924 569 2993 Christianorum
602 2931 692 2992 00100
725 2925 792 2990 sint
823 2929 856 2989 et
888 2946 970 3009 quae
1003 2925 1141 2990 ultiones

130 3017 259 3079 secutae
287 3015 367 3099 sint,
400 3017 521 3101 absque
555 3038 592 3080 eo
622 3014 708 3099 quod
736 3035 847 3079 omnes
876 3013 916 3078 ad
944 3014 1142 3098 peccandum

130 3105 326 3188 generaliter
339 3104 434 3188 proni
449 3108 525 3169 sunt
544 3109 641 3187 atque
659 3104 731 3167 idco
752 3102 943 3187 singillatim
962 3102 1142 3187 corripiun-

128 3196 196 3274 tur,
220 3193 394 3278 expediam.

529 3351 742 3362 Ι--------.---
