2370 3960
91 167 157 231 270
336 166 445 218 PAVLI
463 165 588 218 OROSII
605 164 855 216 HISTORIARVM

93 313 182 377 batio
209 311 376 375 diuturnas
400 331 527 375 crassas
552 332 589 375 ac
613 329 715 394 paene
738 306 930 372 tractabiles
952 308 1097 373 tenebras

91 400 218 478 habuit,
245 400 319 482 plus
348 399 481 464 omnino
509 398 643 482 periculi
672 397 871 462 comminata
893 417 995 480 quam
1017 397 1100 462 fecit:

91 490 144 552 hic
166 488 281 552 itidem
303 509 391 553 nona
414 488 576 571 correptio
595 486 677 569 -fuit,
700 507 774 550 cnm
797 483 977 551 Aureliano
1002 507 1101 570 perse·

92 576 253 640 ontionem
277 577 462 642 decernenti
485 576 563 640 diris
582 575 768 640 turbinibus
786 573 936 639 terribile
955 595 994 640 ac
1012 575 1102 640 triete
1175 578 1179 645 l

89 665 212 730 fulmen
241 666 301 730 sub
329 665 411 749 ipsis
437 664 573 748 pedibus
601 664 668 729 ruit
695 662 881 748 ostendens,
910 663 1004 748 quid,
1034 676 1122 729 11115
1173 654 1179 747 l

90 755 171 818 ultio
191 755 269 819 talis
289 755 442 839 exigeret,
460 757 572 818 tantus
591 752 697 837 possit
715 752 813 835 ultor,
831 752 896 816 nisi
914 755 949 816 et
967 752 1105 817 clemens
1175 758 1178 763 '

92 846 177 907 esset
201 848 233 908 et
256 844 398 928 patiens3
423 863 620 927 quamquam
643 842 731 905 intra
755 861 811 905 sex
834 840 957 904 abhinc
980 863 1105 907 menses
1174 816 1179 903 ⁴.

91 938 158 997 tres
175 931 317 998 succidui
331 932 552 1016 imperatores,
571 930 634 996 hoe
652 933 702 995 est
716 927 912 994 Aurelianus
927 929 1064 995 Tacitus
1077 931 1106 994 et

43 1038 74 1083 13
95 1021 279 1105 Florianus,
298 1020 434 1085 diuersis
453 1020 559 1086 causis
578 1017 741 1084 interfecti
760 1022 844 1083 sunt.
876 1017 924 1082 ibi
942 1021 1105 1102 postremo

92 1111 218 1175 decima
240 1111 352 1195 plaga,
375 1130 459 1193 quae
482 1112 515 1174 et
536 1108 716 1173 nouissima
738 1107 884 1172 omnium
907 1105 986 1190 fuit,
1011 1108 1137 1173 inter-1⁰

91 1200 189 1264 factio
223 1199 376 1279 filiorum,
411 1219 491 1280 quos
523 1197 647 1281 primos
680 1195 797 1281 quique
830 1199 1026 1279 genuerant:
1058 1196 1107 1260 hie

91 1287 196 1351 nihilo
211 1287 318 1350 minus
333 1285 458 1349 decime
472 1285 505 1349 id
520 1288 571 1349 est
584 1285 764 1349 nouissime
778 1305 884 1370 poena
898 1286 949 1348 est
965 1285 1106 1350 omnium

92 1374 231 1457 perditio
268 1373 444 1455 idolorum,
486 1394 568 1456 quae
609 1373 762 1456 primitus
798 1371 886 1438 faeta
921 1372 959 1436 in
995 1373 1107 1456 primis

90 1462 252 1525 amabant.

40 1565 73 1610 14
159 1550 208 1614 Ibi
236 1571 293 1614 rer
324 1547 508 1632 potentiam
535 1547 597 1613 Dei
626 1550 728 1615 sensit
755 1549 909 1633 probauit
936 1552 971 1612 et
998 1550 1139 1616 1111111111

92 1661 129 1703 11
152 1661 210 1722 111
233 1638 295 1703 hoc
317 1638 475 1722 populum
498 1636 561 1702 Dei
583 1638 724 1703 liberum
746 1638 837 1702 abire
864 1636 1029 1721 permisit:
1057 1639 1108 1703 hic

91 1749 148 1791 rex
171 1728 353 1810 potentiam
377 1726 440 1791 Dei
463 1727 567 1792 sensit
588 1728 742 1812 probauit
765 1729 797 1791 et
820 1726 957 1792 eredidit
984 1748 1022 1792 ac
1050 1749 1109 1812 per

90 1816 152 1880 hoc
184 1817 342 1899 populum
372 1815 434 1880 Dei
466 1814 605 1880 liberum
637 1837 707 1881 esse
739 1815 895 1901 permisit.
940 1815 987 1880 ibi
1019 1837 1109 1881 num-

92 1926 189 1989 quam
208 1909 323 1986 postea
341 1904 480 1988 populus
500 1903 562 1968 Dei
587 1904 628 1969 ad
647 1905 837 1991 seruitutem
856 1906 1033 1972 retractus:
1056 1904 1109 1970 hic

93 2015 269 2078 numquam
293 1996 408 2077 postea
430 1993 571 2076 populus
590 1992 653 2058 Dei
672 1992 713 2057 ad
735 1993 953 2058 idololatriam
977 1997 1107 2059 coactus
1120 2007 1144 2048 ²0

95 2088 153 2147 est.
200 2082 247 2146 ibi
269 2080 510 2166 Aegyptiorum
532 2103 613 2146 uasa
634 2080 780 2164 pretiosa
802 2080 960 2146 Hebraeis
985 2082 1108 2146 tradite

95 2175 183 2235 sunt:
207 2170 260 2235 hic
283 2171 318 2233 in
341 2170 492 2234 eeclesias
518 2166 785 2234 1(11111111111111111
808 2171 984 2253 praecipua
1008 2183 1179 2256 paga-rbt

42 2271 209 2323 renonum
237 2258 362 2342 temple
385 2261 560 2322 cesserunt.
607 2279 684 2322 sane
708 2257 801 2342 illud,
827 2261 865 2322 11
888 2256 963 2342 dixi,
986 2259 1110 2326 denun-

92 2348 240 2413 tiandum
268 2352 364 2432 puto,
392 2346 482 2431 quia,
511 2347 593 2411 sicut
616 2347 787 2433 Aegyptiis
815 2346 973 2430 posthae
997 2346 1107 2413 decem

92 2439 208 2523 plagas
233 2437 385 2502 dimissos
407 2434 576 2502 Hebraeos
600 2436 751 2522 persequi
774 2435 982 2501 molientibus
1005 2436 1146 2502 inroitu

94 2550 151 2610 per
182 2527 406 2612 superductum
438 2547 527 2591 mare
558 2530 691 2592 aeterna
718 2525 872 2610 perditio,
903 2525 951 2588 ita
984 2528 1018 2589 et
1047 2547 1109 2591 nos

94 2617 223 2699 quidem
251 2617 351 2680 libere
379 2616 622 2700 peregrinantes
652 2617 886 2698 superuentura
913 2612 1108 2697 quandoque

92 2705 274 2785 persecutio
300 2704 471 2788 gentilium
494 2707 614 2789 manet,
637 2705 739 2768 donec
757 2725 846 2768 mare
865 2701 1022 2784 Rubrum,
1045 2702 1109 2768 hoc

92 2799 142 2853 est
170 2792 280 2874 ignem
308 2792 433 2874 iudicii,
467 2792 539 2875 ipso
572 2793 703 2857 domino
730 2795 844 2856 nostro
873 2790 947 2855 Iesu
974 2787 1106 2856 Christo

40 2878 171 2940 161111
195 2881 228 2940 11
250 2878 355 2942 111111
377 2882 589 2946 transeamus.
625 2880 661 2945 hi
683 2901 771 2963 uero,
793 2879 829 2943 in
848 2902 930 2965 quos
948 2879 1105 2964 Aegypti·
1120 2898 1146 2938 3⁰

92 2987 184 3029 orum
208 2964 315 3028 forma
339 2965 591 3050 transfunditur,
614 2968 774 3051 permissa
797 2967 837 3030 ad
861 2972 990 3053 tempus
1013 2972 1104 3052 pote·

96 3056 180 3119 state
218 3051 413 3116 saeuientes
436 3056 639 3136 grauissimis
676 3055 806 3139 quidem
843 3058 1005 3140 permissu
1042 3056 1104 3121 Dei

94 3141 295 3208 Christianos
309 3140 505 3206 cruciatibus
519 3147 763 3228 persequentur3
780 3149 1005 3211 uerumtamen
1018 3146 1105 3211 idem

94 3255 206 3298 omues
234 3230 359 3296 inimici
386 3227 509 3294 Christi
537 3253 609 3296 cunr
637 3252 713 3318 rege
742 3255 801 3299 suo
824 3233 1028 3299 Antichristo
1052 3257 1104 3300 ac·

94 3323 179 3405 cepti
209 3325 325 3406 stagno
355 3319 439 3405 ignis
471 3321 607 3404 aeterni,
640 3322 727 3404 quod
757 3343 877 3407 magna
906 3322 1103 3406 impediente
1118 3340 1145 3381 ³⁵

94 3411 233 3495 caligine
252 3409 328 3474 dum
350 3429 417 3473 non
440 3406 568 3473 uidetur
585 3409 737 3496 intratur,
756 3414 951 3496 perpetuam
968 3410 1103 3492 perditi-

94 3519 189 3562 onem
212 3498 451 3565 immortalibus
476 3498 580 3585 arsuri
603 3501 772 3585 suppliciis
796 3499 979 3564 sortientur.
