<?xml version="1.0" encoding="UTF-8"?>
<!DOCTYPE html PUBLIC "-//W3C//DTD XHTML 1.0 Transitional//EN"
    "http://www.w3.org/TR/xhtml1/DTD/xhtml1-transitional.dtd">
<html xmlns="http://www.w3.org/1999/xhtml" xml:lang="en" lang="en">
 <head>
  <title>
</title>
<meta http-equiv="Content-Type" content="text/html;charset=utf-8" />
  <meta name='ocr-system' content='tesseract 3.04.00' />
  <meta name='ocr-capabilities' content='ocr_page ocr_carea ocr_par ocr_line ocrx_word'/>
</head>
<body>
  <div class='ocr_page' id='page_1' title='image "./pavliorosiihist00orosgoog_0326.png"; bbox 0 0 2370 3960; ppageno 0'>
   <div class='ocr_carea' id='block_1_1' title="bbox 419 132 1082 242">
    <p class='ocr_par' dir='ltr' id='par_1_1' title="bbox 419 132 1082 242">
     <span class='ocr_line' id='line_1_1' title="bbox 419 132 1082 242; baseline -0.006 -10"><span class='ocrx_word' id='word_1_1' title='bbox 419 178 597 232; x_wconf 76' lang='lat' dir='ltr'>CAPITVLA</span> <span class='ocrx_word' id='word_1_2' title='bbox 613 179 681 232; x_wconf 90' lang='lat' dir='ltr'><strong>LIB.</strong></span> <span class='ocrx_word' id='word_1_3' title='bbox 700 179 733 229; x_wconf 87' lang='lat' dir='ltr'>V.</span> <span class='ocrx_word' id='word_1_4' title='bbox 870 132 872 137; x_wconf 28' lang='grc' dir='ltr'>Ι</span> <span class='ocrx_word' id='word_1_5' title='bbox 1018 179 1082 242; x_wconf 82' lang='grc'>311</span> 
     </span>
    </p>
   </div>
   <div class='ocr_carea' id='block_1_2' title="bbox 10 317 1081 900">
    <p class='ocr_par' dir='ltr' id='par_1_2' title="bbox 10 317 1081 900">
     <span class='ocr_line' id='line_1_2' title="bbox 10 317 1078 390; baseline 0.003 -17"><span class='ocrx_word' id='word_1_6' title='bbox 10 354 17 373; x_wconf 75' lang='lat'><em>.</em></span> <span class='ocrx_word' id='word_1_7' title='bbox 195 362 201 383; x_wconf 65' lang='grc'>.,</span> <span class='ocrx_word' id='word_1_8' title='bbox 301 335 318 373; x_wconf 89' lang='lat' dir='ltr'>a</span> <span class='ocrx_word' id='word_1_9' title='bbox 340 321 406 374; x_wconf 89' lang='lat' dir='ltr'>sunt</span> <span class='ocrx_word' id='word_1_10' title='bbox 430 320 459 373; x_wconf 89' lang='lat' dir='ltr'>et</span> <span class='ocrx_word' id='word_1_11' title='bbox 481 319 517 373; x_wconf 94' lang='lat' dir='ltr'>de</span> <span class='ocrx_word' id='word_1_12' title='bbox 539 317 602 389; x_wconf 89' lang='lat' dir='ltr'>ipso</span> <span class='ocrx_word' id='word_1_13' title='bbox 626 317 751 372; x_wconf 82' lang='lat' dir='ltr'>exercitu</span> <span class='ocrx_word' id='word_1_14' title='bbox 768 338 786 371; x_wconf 88' lang='lat' dir='ltr'>x</span> <span class='ocrx_word' id='word_1_15' title='bbox 805 320 917 373; x_wconf 86' lang='lat' dir='ltr'>tantum</span> <span class='ocrx_word' id='word_1_16' title='bbox 941 320 1078 390; x_wconf 82' lang='lat' dir='ltr'>homines,</span> 
     </span>
     <span class='ocr_line' id='line_1_3' title="bbox 10 386 1078 477; baseline 0.005 -35"><span class='ocrx_word' id='word_1_17' title='bbox 10 386 86 477; x_wconf 50' lang='lat' dir='ltr'>§t</span> <span class='ocrx_word' id='word_1_18' title='bbox 301 388 432 443; x_wconf 88' lang='lat' dir='ltr'>nuntium</span> <span class='ocrx_word' id='word_1_19' title='bbox 457 389 607 456; x_wconf 72' lang='lat' dir='ltr'>referrent,</span> <span class='ocrx_word' id='word_1_20' title='bbox 636 391 838 445; x_wconf 87' lang='lat' dir='ltr'>remanserunt.</span> <span class='ocrx_word' id='word_1_21' title='bbox 879 390 975 445; x_wconf 86' lang='lat' dir='ltr'>hostes</span> <span class='ocrx_word' id='word_1_22' title='bbox 1003 392 1078 447; x_wconf 91' lang='lat' dir='ltr'>binis</span> 
     </span>
     <span class='ocr_line' id='line_1_4' title="bbox 207 461 1080 532; baseline 0.005 -18"><span class='ocrx_word' id='word_1_23' title='bbox 207 466 213 477; x_wconf 84' lang='lat'>&#39;</span> <span class='ocrx_word' id='word_1_24' title='bbox 251 462 337 515; x_wconf 88' lang='lat' dir='ltr'>raeda</span> <span class='ocrx_word' id='word_1_25' title='bbox 354 461 440 530; x_wconf 90' lang='lat' dir='ltr'>potiti</span> <span class='ocrx_word' id='word_1_26' title='bbox 458 463 523 516; x_wconf 91' lang='lat' dir='ltr'>sunt</span> <span class='ocrx_word' id='word_1_27' title='bbox 541 463 571 515; x_wconf 92' lang='lat' dir='ltr'>et</span> <span class='ocrx_word' id='word_1_28' title='bbox 589 462 698 526; x_wconf 83' lang='lat' dir='ltr'>cuncta,</span> <span class='ocrx_word' id='word_1_29' title='bbox 718 476 790 527; x_wconf 89' lang='lat' dir='ltr'>quae</span> <span class='ocrx_word' id='word_1_30' title='bbox 805 464 947 530; x_wconf 82' lang='lat' dir='ltr'>ceperant,</span> <span class='ocrx_word' id='word_1_31' title='bbox 966 479 1080 532; x_wconf 83' lang='lat' dir='ltr'>pessum</span> 
     </span>
     <span class='ocr_line' id='line_1_5' title="bbox 10 531 1079 639; baseline 0.004 -55"><span class='ocrx_word' id='word_1_32' title='bbox 10 568 33 625; x_wconf 47' lang='lat' dir='ltr'>b</span> <span class='ocrx_word' id='word_1_33' title='bbox 136 548 173 639; x_wconf 49' lang='grc' dir='ltr'><em>ὑ</em></span> <span class='ocrx_word' id='word_1_34' title='bbox 242 533 359 586; x_wconf 87' lang='lat' dir='ltr'>tuestes</span> <span class='ocrx_word' id='word_1_35' title='bbox 374 531 510 586; x_wconf 78' lang='lat' dir='ltr'>discissae</span> <span class='ocrx_word' id='word_1_36' title='bbox 524 533 553 586; x_wconf 89' lang='lat' dir='ltr'>et</span> <span class='ocrx_word' id='word_1_37' title='bbox 568 531 711 601; x_wconf 88' lang='lat' dir='ltr'>proiectae</span> <span class='ocrx_word' id='word_1_38' title='bbox 722 533 794 598; x_wconf 88' lang='lat' dir='ltr'>sunt,</span> <span class='ocrx_word' id='word_1_39' title='bbox 810 547 909 585; x_wconf 92' lang='lat' dir='ltr'>aurum</span> <span class='ocrx_word' id='word_1_40' title='bbox 920 536 1079 603; x_wconf 90' lang='lat' dir='ltr'>argentum·</span> 
     </span>
     <span class='ocr_line' id='line_1_6' title="bbox 26 601 1081 675; baseline 0.004 -19"><span class='ocrx_word' id='word_1_41' title='bbox 26 616 64 675; x_wconf 53' lang='grc' dir='ltr'>ᾳ</span> <span class='ocrx_word' id='word_1_42' title='bbox 263 619 298 657; x_wconf 90' lang='lat' dir='ltr'>en</span> <span class='ocrx_word' id='word_1_43' title='bbox 321 602 464 658; x_wconf 88' lang='lat' dir='ltr'>abiectum</span> <span class='ocrx_word' id='word_1_44' title='bbox 488 605 544 670; x_wconf 87' lang='lat' dir='ltr'>est,</span> <span class='ocrx_word' id='word_1_45' title='bbox 574 601 678 656; x_wconf 87' lang='lat' dir='ltr'>loricae</span> <span class='ocrx_word' id='word_1_46' title='bbox 700 601 826 656; x_wconf 90' lang='lat' dir='ltr'>uirorum</span> <span class='ocrx_word' id='word_1_47' title='bbox 848 602 990 671; x_wconf 89' lang='lat' dir='ltr'>concisae,</span> <span class='ocrx_word' id='word_1_48' title='bbox 1015 607 1081 674; x_wconf 91' lang='lat' dir='ltr'>equi</span> 
     </span>
     <span class='ocr_line' id='line_1_7' title="bbox 10 645 1079 803; baseline 0.007 -78"><span class='ocrx_word' id='word_1_49' title='bbox 10 645 123 803; x_wconf 40' lang='lat' dir='ltr'>Q·</span> <span class='ocrx_word' id='word_1_50' title='bbox 171 684 177 693; x_wconf 88' lang='lat'><em>·</em></span> <span class='ocrx_word' id='word_1_51' title='bbox 212 691 224 726; x_wconf 88' lang='lat' dir='ltr'>s</span> <span class='ocrx_word' id='word_1_52' title='bbox 238 673 370 743; x_wconf 81' lang='lat' dir='ltr'>immersi,</span> <span class='ocrx_word' id='word_1_53' title='bbox 384 672 513 728; x_wconf 91' lang='lat' dir='ltr'>homines</span> <span class='ocrx_word' id='word_1_54' title='bbox 526 673 636 741; x_wconf 76' lang='lat' dir='ltr'>laqueis</span> <span class='ocrx_word' id='word_1_55' title='bbox 651 689 685 728; x_wconf 88' lang='lat' dir='ltr'>ex</span> <span class='ocrx_word' id='word_1_56' title='bbox 699 672 845 727; x_wconf 78' lang='lat' dir='ltr'>arboribus</span> <span class='ocrx_word' id='word_1_57' title='bbox 860 675 989 743; x_wconf 88' lang='lat' dir='ltr'>suspensi</span> <span class='ocrx_word' id='word_1_58' title='bbox 1006 681 1079 733; x_wconf 89' lang='lat' dir='ltr'>sunt.</span> 
     </span>
     <span class='ocr_line' id='line_1_8' title="bbox 10 770 95 889; baseline 0 -68"><span class='ocrx_word' id='word_1_59' title='bbox 10 770 95 889; x_wconf 43' lang='grc' dir='ltr'>,ς’</span> 
     </span>
     <span class='ocr_line' id='line_1_9' title="bbox 10 868 19 900; baseline 0 0"><span class='ocrx_word' id='word_1_60' title='bbox 10 868 19 900; x_wconf 68' lang='lat' dir='ltr'>t</span> 
     </span>
    </p>
   </div>
   <div class='ocr_carea' id='block_1_3' title="bbox 10 743 1081 1173">
    <p class='ocr_par' dir='ltr' id='par_1_3' title="bbox 156 743 1079 802">
     <span class='ocr_line' id='line_1_10' title="bbox 156 743 1079 802; baseline 0.003 -3"><span class='ocrx_word' id='word_1_61' title='bbox 156 782 160 790; x_wconf 83' lang='lat'><em>-</em></span> <span class='ocrx_word' id='word_1_62' title='bbox 186 762 218 799; x_wconf 88' lang='lat' dir='ltr'>us</span> <span class='ocrx_word' id='word_1_63' title='bbox 235 744 389 798; x_wconf 83' lang='lat' dir='ltr'>Maximum</span> <span class='ocrx_word' id='word_1_64' title='bbox 407 744 496 798; x_wconf 90' lang='lat' dir='ltr'>filium</span> <span class='ocrx_word' id='word_1_65' title='bbox 515 754 595 799; x_wconf 86' lang='lat' dir='ltr'>suum</span> <span class='ocrx_word' id='word_1_66' title='bbox 614 744 823 798; x_wconf 74' lang='lat' dir='ltr'>adolescentem</span> <span class='ocrx_word' id='word_1_67' title='bbox 840 743 991 801; x_wconf 86' lang='lat' dir='ltr'>interfecit.</span> <span class='ocrx_word' id='word_1_68' title='bbox 1021 748 1079 802; x_wconf 90' lang='lat' dir='ltr'>Ma-</span> 
     </span>
    </p>

    <p class='ocr_par' dir='ltr' id='par_1_4' title="bbox 137 814 1081 885">
     <span class='ocr_line' id='line_1_11' title="bbox 137 814 1081 885; baseline 0.001 -14"><span class='ocrx_word' id='word_1_69' title='bbox 137 837 175 871; x_wconf 63' lang='lat' dir='ltr'>ac</span> <span class='ocrx_word' id='word_1_70' title='bbox 198 815 280 869; x_wconf 87' lang='lat' dir='ltr'>milia</span> <span class='ocrx_word' id='word_1_71' title='bbox 303 815 448 870; x_wconf 84' lang='lat' dir='ltr'>Gallorum</span> <span class='ocrx_word' id='word_1_72' title='bbox 470 814 626 883; x_wconf 78' lang='lat' dir='ltr'>interfecit,</span> <span class='ocrx_word' id='word_1_73' title='bbox 645 834 717 868; x_wconf 76' lang='lat' dir='ltr'>cxxx</span> <span class='ocrx_word' id='word_1_74' title='bbox 739 814 820 869; x_wconf 90' lang='lat' dir='ltr'>milia</span> <span class='ocrx_word' id='word_1_75' title='bbox 843 815 930 885; x_wconf 89' lang='lat' dir='ltr'>cepit,</span> <span class='ocrx_word' id='word_1_76' title='bbox 954 818 1002 870; x_wconf 85' lang='lat' dir='ltr'>uix</span> <span class='ocrx_word' id='word_1_77' title='bbox 1025 820 1081 873; x_wconf 87' lang='lat' dir='ltr'>tria</span> 
     </span>
    </p>

    <p class='ocr_par' dir='ltr' id='par_1_5' title="bbox 10 885 1081 1173">
     <span class='ocr_line' id='line_1_12' title="bbox 20 885 1079 968; baseline 0.002 -27"><span class='ocrx_word' id='word_1_78' title='bbox 20 906 37 947; x_wconf 71' lang='lat' dir='ltr'>a</span> <span class='ocrx_word' id='word_1_79' title='bbox 116 904 143 941; x_wconf 85' lang='lat' dir='ltr'>,a</span> <span class='ocrx_word' id='word_1_80' title='bbox 160 886 296 968; x_wconf 76' lang='lat' dir='ltr'>fugerunt</span> <span class='ocrx_word' id='word_1_81' title='bbox 315 890 344 940; x_wconf 88' lang='lat' dir='ltr'>et</span> <span class='ocrx_word' id='word_1_82' title='bbox 361 887 492 940; x_wconf 92' lang='lat' dir='ltr'>mulieres</span> <span class='ocrx_word' id='word_1_83' title='bbox 511 885 656 941; x_wconf 85' lang='lat' dir='ltr'>Gallorum</span> <span class='ocrx_word' id='word_1_84' title='bbox 679 903 730 955; x_wconf 87' lang='lat' dir='ltr'>pro</span> <span class='ocrx_word' id='word_1_85' title='bbox 750 887 882 941; x_wconf 89' lang='lat' dir='ltr'>castitate</span> <span class='ocrx_word' id='word_1_86' title='bbox 901 903 996 941; x_wconf 89' lang='lat' dir='ltr'>omnes</span> <span class='ocrx_word' id='word_1_87' title='bbox 1017 905 1079 944; x_wconf 90' lang='lat' dir='ltr'>sese</span> 
     </span>
     <span class='ocr_line' id='line_1_13' title="bbox 10 956 1079 1013; baseline 0.001 -2"><span class='ocrx_word' id='word_1_88' title='bbox 10 974 22 995; x_wconf 89' lang='lat'>·</span> <span class='ocrx_word' id='word_1_89' title='bbox 90 976 126 1011; x_wconf 91' lang='lat' dir='ltr'>.m</span> <span class='ocrx_word' id='word_1_90' title='bbox 150 956 219 1012; x_wconf 83' lang='lat' dir='ltr'>filiis</span> <span class='ocrx_word' id='word_1_91' title='bbox 242 957 299 1012; x_wconf 91' lang='lat' dir='ltr'>suis</span> <span class='ocrx_word' id='word_1_92' title='bbox 323 957 531 1012; x_wconf 88' lang='lat' dir='ltr'>interfecerunt.</span> <span class='ocrx_word' id='word_1_93' title='bbox 569 957 639 1011; x_wconf 87' lang='lat' dir='ltr'>item</span> <span class='ocrx_word' id='word_1_94' title='bbox 662 957 697 1010; x_wconf 92' lang='lat' dir='ltr'>de</span> <span class='ocrx_word' id='word_1_95' title='bbox 721 957 807 1010; x_wconf 87' lang='lat' dir='ltr'>caede</span> <span class='ocrx_word' id='word_1_96' title='bbox 825 956 969 1012; x_wconf 81' lang='lat' dir='ltr'>Gallorum</span> <span class='ocrx_word' id='word_1_97' title='bbox 994 959 1079 1013; x_wconf 92' lang='lat' dir='ltr'>nimis</span> 
     </span>
     <span class='ocr_line' id='line_1_14' title="bbox 62 1027 1081 1085; baseline 0.001 -2"><span class='ocrx_word' id='word_1_98' title='bbox 62 1028 216 1083; x_wconf 77' lang='lat' dir='ltr'>crudeliter</span> <span class='ocrx_word' id='word_1_99' title='bbox 238 1031 311 1082; x_wconf 88' lang='lat' dir='ltr'>acta.</span> <span class='ocrx_word' id='word_1_100' title='bbox 353 1028 496 1083; x_wconf 85' lang='lat' dir='ltr'>Publicius</span> <span class='ocrx_word' id='word_1_101' title='bbox 519 1027 668 1081; x_wconf 87' lang='lat' dir='ltr'>Malleolus</span> <span class='ocrx_word' id='word_1_102' title='bbox 691 1030 811 1082; x_wconf 89' lang='lat' dir='ltr'>matrem</span> <span class='ocrx_word' id='word_1_103' title='bbox 836 1045 915 1082; x_wconf 91' lang='lat' dir='ltr'>suam</span> <span class='ocrx_word' id='word_1_104' title='bbox 937 1030 1081 1085; x_wconf 88' lang='lat' dir='ltr'>interfecit</span> 
     </span>
     <span class='ocr_line' id='line_1_15' title="bbox 59 1098 1078 1173; baseline 0.001 -18"><span class='ocrx_word' id='word_1_105' title='bbox 59 1102 91 1155; x_wconf 89' lang='lat' dir='ltr'>et</span> <span class='ocrx_word' id='word_1_106' title='bbox 107 1099 222 1154; x_wconf 88' lang='lat' dir='ltr'>insutus</span> <span class='ocrx_word' id='word_1_107' title='bbox 240 1098 271 1153; x_wconf 93' lang='lat' dir='ltr'>in</span> <span class='ocrx_word' id='word_1_108' title='bbox 289 1099 411 1153; x_wconf 87' lang='lat' dir='ltr'>culleum</span> <span class='ocrx_word' id='word_1_109' title='bbox 429 1098 572 1169; x_wconf 87' lang='lat' dir='ltr'>parricida</span> <span class='ocrx_word' id='word_1_110' title='bbox 590 1098 620 1151; x_wconf 92' lang='lat' dir='ltr'>in</span> <span class='ocrx_word' id='word_1_111' title='bbox 638 1115 714 1152; x_wconf 88' lang='lat' dir='ltr'>mare</span> <span class='ocrx_word' id='word_1_112' title='bbox 733 1098 874 1168; x_wconf 88' lang='lat' dir='ltr'>proiectus</span> <span class='ocrx_word' id='word_1_113' title='bbox 893 1100 944 1154; x_wconf 87' lang='lat' dir='ltr'>est.</span> <span class='ocrx_word' id='word_1_114' title='bbox 966 1101 1013 1171; x_wconf 87' lang='grc'>[16</span> <span class='ocrx_word' id='word_1_115' title='bbox 1026 1103 1078 1173; x_wconf 65' lang='lat'>51]</span> 
     </span>
    </p>
   </div>
   <div class='ocr_carea' id='block_1_4' title="bbox 22 1178 1085 3322">
    <p class='ocr_par' dir='ltr' id='par_1_6' title="bbox 135 1178 904 1252">
     <span class='ocr_line' id='line_1_16' title="bbox 135 1178 904 1252; baseline 0 -18"><span class='ocrx_word' id='word_1_116' title='bbox 135 1180 276 1236; x_wconf 84' lang='lat' dir='ltr'>XXVIllL</span> <span class='ocrx_word' id='word_1_117' title='bbox 303 1179 345 1233; x_wconf 92' lang='lat' dir='ltr'>De</span> <span class='ocrx_word' id='word_1_118' title='bbox 363 1179 446 1233; x_wconf 90' lang='lat' dir='ltr'>bellis</span> <span class='ocrx_word' id='word_1_119' title='bbox 466 1179 597 1234; x_wconf 91' lang='lat' dir='ltr'>ciuilibus</span> <span class='ocrx_word' id='word_1_120' title='bbox 617 1178 753 1249; x_wconf 84' lang='lat' dir='ltr'>plurimis.</span> <span class='ocrx_word' id='word_1_121' title='bbox 784 1180 830 1250; x_wconf 76' lang='lat'>[17</span> <span class='ocrx_word' id='word_1_122' title='bbox 846 1181 904 1252; x_wconf 69' lang='lat'>51]</span> 
     </span>
    </p>

    <p class='ocr_par' dir='ltr' id='par_1_7' title="bbox 60 1257 1083 2321">
     <span class='ocr_line' id='line_1_17' title="bbox 133 1257 1079 1328; baseline 0.002 -15"><span class='ocrx_word' id='word_1_123' title='bbox 133 1259 220 1313; x_wconf 85' lang='lat' dir='ltr'>XXX.</span> <span class='ocrx_word' id='word_1_124' title='bbox 248 1259 290 1312; x_wconf 92' lang='lat' dir='ltr'>De</span> <span class='ocrx_word' id='word_1_125' title='bbox 308 1259 445 1314; x_wconf 87' lang='lat' dir='ltr'>inauditis</span> <span class='ocrx_word' id='word_1_126' title='bbox 465 1262 494 1314; x_wconf 87' lang='lat' dir='ltr'>et</span> <span class='ocrx_word' id='word_1_127' title='bbox 512 1260 580 1314; x_wconf 89' lang='lat' dir='ltr'>diris</span> <span class='ocrx_word' id='word_1_128' title='bbox 598 1258 745 1328; x_wconf 83' lang='lat' dir='ltr'>prodigiis,</span> <span class='ocrx_word' id='word_1_129' title='bbox 764 1257 795 1312; x_wconf 88' lang='lat' dir='ltr'>id</span> <span class='ocrx_word' id='word_1_130' title='bbox 814 1260 864 1326; x_wconf 82' lang='lat' dir='ltr'>est,</span> <span class='ocrx_word' id='word_1_131' title='bbox 884 1259 934 1313; x_wconf 89' lang='lat' dir='ltr'>ubi</span> <span class='ocrx_word' id='word_1_132' title='bbox 948 1261 999 1313; x_wconf 89' lang='lat' dir='ltr'>sub</span> <span class='ocrx_word' id='word_1_133' title='bbox 1017 1264 1079 1316; x_wconf 90' lang='lat' dir='ltr'>ortu</span> 
     </span>
     <span class='ocr_line' id='line_1_18' title="bbox 61 1329 1080 1400; baseline 0.001 -15"><span class='ocrx_word' id='word_1_134' title='bbox 61 1329 131 1385; x_wconf 87' lang='lat' dir='ltr'>solis</span> <span class='ocrx_word' id='word_1_135' title='bbox 155 1329 259 1400; x_wconf 86' lang='lat' dir='ltr'>globus</span> <span class='ocrx_word' id='word_1_136' title='bbox 282 1330 357 1400; x_wconf 89' lang='lat' dir='ltr'>ignis</span> <span class='ocrx_word' id='word_1_137' title='bbox 380 1348 444 1384; x_wconf 93' lang='lat' dir='ltr'>cum</span> <span class='ocrx_word' id='word_1_138' title='bbox 466 1331 588 1384; x_wconf 85' lang='lat' dir='ltr'>maxim0</span> <span class='ocrx_word' id='word_1_139' title='bbox 608 1330 680 1384; x_wconf 87' lang='lat' dir='ltr'>caeli</span> <span class='ocrx_word' id='word_1_140' title='bbox 698 1330 810 1399; x_wconf 84' lang='lat' dir='ltr'>fragore</span> <span class='ocrx_word' id='word_1_141' title='bbox 830 1330 945 1385; x_wconf 81' lang='lat' dir='ltr'>emicuit</span> <span class='ocrx_word' id='word_1_142' title='bbox 964 1333 993 1385; x_wconf 88' lang='lat' dir='ltr'>et</span> <span class='ocrx_word' id='word_1_143' title='bbox 1013 1332 1080 1386; x_wconf 92' lang='lat' dir='ltr'>dum</span> 
     </span>
     <span class='ocr_line' id='line_1_19' title="bbox 60 1400 1080 1473; baseline 0.001 -17"><span class='ocrx_word' id='word_1_144' title='bbox 60 1417 151 1472; x_wconf 87' lang='lat' dir='ltr'>panes</span> <span class='ocrx_word' id='word_1_145' title='bbox 164 1418 217 1470; x_wconf 90' lang='lat' dir='ltr'>per</span> <span class='ocrx_word' id='word_1_146' title='bbox 230 1401 362 1456; x_wconf 91' lang='lat' dir='ltr'>conuiuia</span> <span class='ocrx_word' id='word_1_147' title='bbox 376 1401 581 1470; x_wconf 77' lang='lat' dir='ltr'>frangerentur,</span> <span class='ocrx_word' id='word_1_148' title='bbox 601 1418 682 1455; x_wconf 92' lang='lat' dir='ltr'>cruor</span> <span class='ocrx_word' id='word_1_149' title='bbox 696 1417 712 1455; x_wconf 91' lang='lat' dir='ltr'>e</span> <span class='ocrx_word' id='word_1_150' title='bbox 731 1400 832 1455; x_wconf 90' lang='lat' dir='ltr'>mediis</span> <span class='ocrx_word' id='word_1_151' title='bbox 850 1402 970 1470; x_wconf 90' lang='lat' dir='ltr'>panibus</span> <span class='ocrx_word' id='word_1_152' title='bbox 989 1403 1080 1473; x_wconf 83' lang='lat' dir='ltr'>fluxit,</span> 
     </span>
     <span class='ocr_line' id='line_1_20' title="bbox 60 1471 1080 1542; baseline 0.002 -15"><span class='ocrx_word' id='word_1_153' title='bbox 60 1474 92 1527; x_wconf 88' lang='lat' dir='ltr'>et</span> <span class='ocrx_word' id='word_1_154' title='bbox 109 1489 162 1542; x_wconf 89' lang='lat' dir='ltr'>per</span> <span class='ocrx_word' id='word_1_155' title='bbox 180 1474 291 1541; x_wconf 87' lang='lat' dir='ltr'>septem</span> <span class='ocrx_word' id='word_1_156' title='bbox 309 1473 457 1527; x_wconf 90' lang='lat' dir='ltr'>continuos</span> <span class='ocrx_word' id='word_1_157' title='bbox 476 1472 536 1526; x_wconf 87' lang='lat' dir='ltr'>dies</span> <span class='ocrx_word' id='word_1_158' title='bbox 555 1472 663 1542; x_wconf 87' lang='lat' dir='ltr'>grando</span> <span class='ocrx_word' id='word_1_159' title='bbox 682 1471 810 1540; x_wconf 87' lang='lat' dir='ltr'>lapidum</span> <span class='ocrx_word' id='word_1_160' title='bbox 832 1472 969 1526; x_wconf 81' lang='lat' dir='ltr'>immixtis</span> <span class='ocrx_word' id='word_1_161' title='bbox 993 1477 1080 1529; x_wconf 79' lang='lat' dir='ltr'>testa-</span> 
     </span>
     <span class='ocr_line' id='line_1_21' title="bbox 63 1542 1079 1613; baseline 0.003 -16"><span class='ocrx_word' id='word_1_162' title='bbox 63 1561 127 1597; x_wconf 86' lang='lat' dir='ltr'>rum</span> <span class='ocrx_word' id='word_1_163' title='bbox 145 1542 314 1613; x_wconf 81' lang='lat' dir='ltr'>fragmentis</span> <span class='ocrx_word' id='word_1_164' title='bbox 332 1547 437 1598; x_wconf 89' lang='lat' dir='ltr'>terram</span> <span class='ocrx_word' id='word_1_165' title='bbox 456 1542 630 1611; x_wconf 84' lang='lat' dir='ltr'>uerberauit,</span> <span class='ocrx_word' id='word_1_166' title='bbox 655 1545 684 1597; x_wconf 87' lang='lat' dir='ltr'>et</span> <span class='ocrx_word' id='word_1_167' title='bbox 705 1542 868 1596; x_wconf 88' lang='lat' dir='ltr'>uastissimo</span> <span class='ocrx_word' id='word_1_168' title='bbox 887 1544 968 1598; x_wconf 90' lang='lat' dir='ltr'>hiatu</span> <span class='ocrx_word' id='word_1_169' title='bbox 987 1547 1079 1600; x_wconf 89' lang='lat' dir='ltr'>terrae</span> 
     </span>
     <span class='ocr_line' id='line_1_22' title="bbox 61 1613 1081 1684; baseline 0.001 -15"><span class='ocrx_word' id='word_1_170' title='bbox 61 1615 178 1669; x_wconf 85' lang='lat' dir='ltr'>flamma</span> <span class='ocrx_word' id='word_1_171' title='bbox 191 1614 322 1683; x_wconf 88' lang='lat' dir='ltr'>prorupit</span> <span class='ocrx_word' id='word_1_172' title='bbox 335 1616 364 1668; x_wconf 88' lang='lat' dir='ltr'>et</span> <span class='ocrx_word' id='word_1_173' title='bbox 377 1630 465 1682; x_wconf 87' lang='lat' dir='ltr'>usque</span> <span class='ocrx_word' id='word_1_174' title='bbox 479 1615 510 1667; x_wconf 93' lang='lat' dir='ltr'>in</span> <span class='ocrx_word' id='word_1_175' title='bbox 524 1614 634 1669; x_wconf 88' lang='lat' dir='ltr'>eaelum</span> <span class='ocrx_word' id='word_1_176' title='bbox 647 1613 762 1668; x_wconf 85' lang='lat' dir='ltr'>extendi</span> <span class='ocrx_word' id='word_1_177' title='bbox 774 1613 838 1667; x_wconf 86' lang='lat' dir='ltr'>uisa</span> <span class='ocrx_word' id='word_1_178' title='bbox 852 1618 903 1668; x_wconf 88' lang='lat' dir='ltr'>est.</span> <span class='ocrx_word' id='word_1_179' title='bbox 932 1618 1081 1684; x_wconf 85' lang='lat' dir='ltr'>praeterea</span> 
     </span>
     <span class='ocr_line' id='line_1_23' title="bbox 62 1683 1083 1755; baseline 0.001 -16"><span class='ocrx_word' id='word_1_180' title='bbox 62 1685 162 1740; x_wconf 88' lang='lat' dir='ltr'>uidere</span> <span class='ocrx_word' id='word_1_181' title='bbox 185 1685 281 1755; x_wconf 88' lang='lat' dir='ltr'>plures</span> <span class='ocrx_word' id='word_1_182' title='bbox 304 1686 427 1740; x_wconf 85' lang='lat' dir='ltr'>Romani</span> <span class='ocrx_word' id='word_1_183' title='bbox 449 1685 567 1754; x_wconf 86' lang='lat' dir='ltr'>globum</span> <span class='ocrx_word' id='word_1_184' title='bbox 590 1685 692 1740; x_wconf 90' lang='lat' dir='ltr'>coloris</span> <span class='ocrx_word' id='word_1_185' title='bbox 716 1683 795 1737; x_wconf 86' lang='lat' dir='ltr'>aurei</span> <span class='ocrx_word' id='word_1_186' title='bbox 819 1684 898 1738; x_wconf 89' lang='lat' dir='ltr'>caelo</span> <span class='ocrx_word' id='word_1_187' title='bbox 922 1685 959 1738; x_wconf 91' lang='lat' dir='ltr'>ad</span> <span class='ocrx_word' id='word_1_188' title='bbox 978 1688 1083 1740; x_wconf 88' lang='lat' dir='ltr'>terram</span> 
     </span>
     <span class='ocr_line' id='line_1_24' title="bbox 61 1753 1082 1824; baseline 0 -14"><span class='ocrx_word' id='word_1_189' title='bbox 61 1755 180 1811; x_wconf 89' lang='lat' dir='ltr'>deuolui</span> <span class='ocrx_word' id='word_1_190' title='bbox 201 1755 395 1824; x_wconf 90' lang='lat' dir='ltr'>maioremque</span> <span class='ocrx_word' id='word_1_191' title='bbox 416 1757 524 1810; x_wconf 91' lang='lat' dir='ltr'>factum</span> <span class='ocrx_word' id='word_1_192' title='bbox 548 1773 565 1809; x_wconf 95' lang='lat' dir='ltr'>a</span> <span class='ocrx_word' id='word_1_193' title='bbox 587 1759 663 1809; x_wconf 88' lang='lat' dir='ltr'>terra</span> <span class='ocrx_word' id='word_1_194' title='bbox 685 1755 716 1807; x_wconf 92' lang='lat' dir='ltr'>in</span> <span class='ocrx_word' id='word_1_195' title='bbox 739 1753 859 1809; x_wconf 89' lang='lat' dir='ltr'>sublime</span> <span class='ocrx_word' id='word_1_196' title='bbox 884 1755 920 1808; x_wconf 93' lang='lat' dir='ltr'>ad</span> <span class='ocrx_word' id='word_1_197' title='bbox 944 1755 1082 1810; x_wconf 88' lang='lat' dir='ltr'>orientem</span> 
     </span>
     <span class='ocr_line' id='line_1_25' title="bbox 61 1825 1082 1897; baseline 0 -16"><span class='ocrx_word' id='word_1_198' title='bbox 61 1828 154 1882; x_wconf 87' lang='lat' dir='ltr'>solem</span> <span class='ocrx_word' id='word_1_199' title='bbox 172 1827 241 1881; x_wconf 91' lang='lat' dir='ltr'>ferri</span> <span class='ocrx_word' id='word_1_200' title='bbox 260 1844 293 1881; x_wconf 88' lang='lat' dir='ltr'>ac</span> <span class='ocrx_word' id='word_1_201' title='bbox 311 1827 509 1897; x_wconf 88' lang='lat' dir='ltr'>magnitudine</span> <span class='ocrx_word' id='word_1_202' title='bbox 529 1844 580 1881; x_wconf 88' lang='lat' dir='ltr'>sua</span> <span class='ocrx_word' id='word_1_203' title='bbox 598 1826 692 1896; x_wconf 89' lang='lat' dir='ltr'>ipsum</span> <span class='ocrx_word' id='word_1_204' title='bbox 715 1825 803 1880; x_wconf 89' lang='lat' dir='ltr'>solem</span> <span class='ocrx_word' id='word_1_205' title='bbox 826 1826 975 1880; x_wconf 85' lang='lat' dir='ltr'>obtexisse.</span> <span class='ocrx_word' id='word_1_206' title='bbox 1012 1827 1082 1881; x_wconf 87' lang='lat' dir='ltr'>item</span> 
     </span>
     <span class='ocr_line' id='line_1_26' title="bbox 63 1896 1082 1968; baseline 0.001 -17"><span class='ocrx_word' id='word_1_207' title='bbox 63 1896 256 1953; x_wconf 87' lang='lat' dir='ltr'>infamissima</span> <span class='ocrx_word' id='word_1_208' title='bbox 269 1899 333 1952; x_wconf 86' lang='lat' dir='ltr'>orta</span> <span class='ocrx_word' id='word_1_209' title='bbox 345 1897 491 1968; x_wconf 89' lang='lat' dir='ltr'>prodigia:</span> <span class='ocrx_word' id='word_1_210' title='bbox 506 1897 642 1952; x_wconf 87' lang='lat' dir='ltr'>animalia</span> <span class='ocrx_word' id='word_1_211' title='bbox 655 1896 762 1952; x_wconf 88' lang='lat' dir='ltr'>relictis</span> <span class='ocrx_word' id='word_1_212' title='bbox 778 1896 898 1951; x_wconf 88' lang='lat' dir='ltr'>stabulis</span> <span class='ocrx_word' id='word_1_213' title='bbox 912 1897 1082 1967; x_wconf 85' lang='lat' dir='ltr'>pascuisque</span> 
     </span>
     <span class='ocr_line' id='line_1_27' title="bbox 62 1960 1081 2038; baseline 0 -15"><span class='ocrx_word' id='word_1_214' title='bbox 62 1968 100 2023; x_wconf 85' lang='lat' dir='ltr'>ad</span> <span class='ocrx_word' id='word_1_215' title='bbox 129 1968 219 2022; x_wconf 90' lang='lat' dir='ltr'>siluas</span> <span class='ocrx_word' id='word_1_216' title='bbox 246 1970 413 2038; x_wconf 89' lang='lat' dir='ltr'>montesque</span> <span class='ocrx_word' id='word_1_217' title='bbox 440 1970 575 2038; x_wconf 88' lang='lat' dir='ltr'>fugerunt</span> <span class='ocrx_word' id='word_1_218' title='bbox 603 1971 633 2023; x_wconf 92' lang='lat' dir='ltr'>et</span> <span class='ocrx_word' id='word_1_219' title='bbox 660 1985 744 2022; x_wconf 89' lang='lat' dir='ltr'>canes</span> <span class='ocrx_word' id='word_1_220' title='bbox 771 1968 839 2037; x_wconf 87' lang='lat' dir='ltr'>uagi</span> <span class='ocrx_word' id='word_1_221' title='bbox 865 1960 995 2037; x_wconf 87' lang='lat' dir='ltr'>luporum</span> <span class='ocrx_word' id='word_1_222' title='bbox 1023 1969 1081 2023; x_wconf 91' lang='lat' dir='ltr'>ritu</span> 
     </span>
     <span class='ocr_line' id='line_1_28' title="bbox 64 2037 1082 2095; baseline -0.002 0"><span class='ocrx_word' id='word_1_223' title='bbox 64 2040 277 2095; x_wconf 89' lang='lat' dir='ltr'>oberrauerunt.</span> <span class='ocrx_word' id='word_1_224' title='bbox 318 2039 424 2094; x_wconf 90' lang='lat' dir='ltr'>Marius</span> <span class='ocrx_word' id='word_1_225' title='bbox 448 2060 499 2095; x_wconf 81' lang='lat' dir='ltr'>vui</span> <span class='ocrx_word' id='word_1_226' title='bbox 526 2039 607 2094; x_wconf 90' lang='lat' dir='ltr'>milia</span> <span class='ocrx_word' id='word_1_227' title='bbox 633 2041 791 2094; x_wconf 88' lang='lat' dir='ltr'>Marsorum</span> <span class='ocrx_word' id='word_1_228' title='bbox 818 2037 968 2094; x_wconf 89' lang='lat' dir='ltr'>interfecit.</span> <span class='ocrx_word' id='word_1_229' title='bbox 1012 2040 1082 2094; x_wconf 90' lang='lat' dir='ltr'>item</span> 
     </span>
     <span class='ocr_line' id='line_1_29' title="bbox 62 2109 1080 2180; baseline 0.001 -16"><span class='ocrx_word' id='word_1_230' title='bbox 62 2109 171 2165; x_wconf 85' lang='lat' dir='ltr'>Marius</span> <span class='ocrx_word' id='word_1_231' title='bbox 193 2132 223 2165; x_wconf 85' lang='lat' dir='ltr'>vr</span> <span class='ocrx_word' id='word_1_232' title='bbox 246 2110 329 2165; x_wconf 90' lang='lat' dir='ltr'>milia</span> <span class='ocrx_word' id='word_1_233' title='bbox 350 2110 508 2164; x_wconf 86' lang='lat' dir='ltr'>Marsorum</span> <span class='ocrx_word' id='word_1_234' title='bbox 531 2111 642 2165; x_wconf 88' lang='lat' dir='ltr'>cecidit.</span> <span class='ocrx_word' id='word_1_235' title='bbox 680 2110 760 2180; x_wconf 85' lang='lat' dir='ltr'>Sylla</span> <span class='ocrx_word' id='word_1_236' title='bbox 777 2110 941 2164; x_wconf 88' lang='lat' dir='ltr'>Aeserniam</span> <span class='ocrx_word' id='word_1_237' title='bbox 969 2111 1080 2179; x_wconf 81' lang='lat' dir='ltr'>missus,</span> 
     </span>
     <span class='ocr_line' id='line_1_30' title="bbox 62 2180 1082 2251; baseline 0 -14"><span class='ocrx_word' id='word_1_238' title='bbox 62 2182 113 2237; x_wconf 78' lang='lat' dir='ltr'>abi</span> <span class='ocrx_word' id='word_1_239' title='bbox 130 2181 254 2235; x_wconf 85' lang='lat' dir='ltr'>Romani</span> <span class='ocrx_word' id='word_1_240' title='bbox 277 2185 350 2236; x_wconf 81' lang='lat' dir='ltr'>ciues</span> <span class='ocrx_word' id='word_1_241' title='bbox 368 2188 393 2235; x_wconf 77' lang='lat' dir='ltr'>el</span> <span class='ocrx_word' id='word_1_242' title='bbox 417 2181 523 2235; x_wconf 86' lang='lat' dir='ltr'>milites</span> <span class='ocrx_word' id='word_1_243' title='bbox 548 2181 691 2235; x_wconf 87' lang='lat' dir='ltr'>artissima</span> <span class='ocrx_word' id='word_1_244' title='bbox 710 2180 856 2236; x_wconf 90' lang='lat' dir='ltr'>obsidione</span> <span class='ocrx_word' id='word_1_245' title='bbox 874 2183 1082 2251; x_wconf 76' lang='lat' dir='ltr'>premebantur,</span> 
     </span>
     <span class='ocr_line' id='line_1_31' title="bbox 63 2251 1083 2321; baseline 0.001 -16"><span class='ocrx_word' id='word_1_246' title='bbox 63 2251 188 2306; x_wconf 85' lang='lat' dir='ltr'>maximo</span> <span class='ocrx_word' id='word_1_247' title='bbox 207 2252 284 2306; x_wconf 92' lang='lat' dir='ltr'>bello</span> <span class='ocrx_word' id='word_1_248' title='bbox 304 2253 333 2306; x_wconf 90' lang='lat' dir='ltr'>et</span> <span class='ocrx_word' id='word_1_249' title='bbox 350 2252 473 2321; x_wconf 90' lang='lat' dir='ltr'>plurima</span> <span class='ocrx_word' id='word_1_250' title='bbox 491 2252 577 2306; x_wconf 87' lang='lat' dir='ltr'>caede</span> <span class='ocrx_word' id='word_1_251' title='bbox 595 2251 722 2307; x_wconf 89' lang='lat' dir='ltr'>hostium</span> <span class='ocrx_word' id='word_1_252' title='bbox 740 2253 839 2306; x_wconf 89' lang='lat' dir='ltr'>urbem</span> <span class='ocrx_word' id='word_1_253' title='bbox 863 2251 1009 2321; x_wconf 89' lang='lat' dir='ltr'>sociosque</span> <span class='ocrx_word' id='word_1_254' title='bbox 1028 2270 1083 2307; x_wconf 89' lang='lat' dir='ltr'>ser·</span> 
     </span>
    </p>

    <p class='ocr_par' dir='ltr' id='par_1_8' title="bbox 22 2321 1085 3031">
     <span class='ocr_line' id='line_1_32' title="bbox 22 2321 1085 2392; baseline 0.002 -17"><span class='ocrx_word' id='word_1_255' title='bbox 22 2322 30 2337; x_wconf 93' lang='grc'><em>“</em></span> <span class='ocrx_word' id='word_1_256' title='bbox 64 2322 153 2378; x_wconf 79' lang='lat' dir='ltr'>osuit</span> <span class='ocrx_word' id='word_1_257' title='bbox 183 2322 233 2377; x_wconf 85' lang='lat' dir='ltr'>Cn.</span> <span class='ocrx_word' id='word_1_258' title='bbox 248 2322 398 2392; x_wconf 89' lang='lat' dir='ltr'>Pompeius</span> <span class='ocrx_word' id='word_1_259' title='bbox 412 2321 542 2377; x_wconf 90' lang='lat' dir='ltr'>Picentes</span> <span class='ocrx_word' id='word_1_260' title='bbox 561 2324 643 2392; x_wconf 86' lang='lat' dir='ltr'>graui</span> <span class='ocrx_word' id='word_1_261' title='bbox 660 2322 769 2391; x_wconf 90' lang='lat' dir='ltr'>proelio</span> <span class='ocrx_word' id='word_1_262' title='bbox 787 2323 875 2389; x_wconf 79' lang='lat' dir='ltr'>fudit3</span> <span class='ocrx_word' id='word_1_263' title='bbox 895 2340 950 2391; x_wconf 89' lang='lat' dir='ltr'>qua</span> <span class='ocrx_word' id='word_1_264' title='bbox 963 2324 1085 2378; x_wconf 87' lang='lat' dir='ltr'>uictoria</span> 
     </span>
     <span class='ocr_line' id='line_1_33' title="bbox 64 2392 1085 2463; baseline 0.001 -16"><span class='ocrx_word' id='word_1_265' title='bbox 64 2396 181 2447; x_wconf 85' lang='lat' dir='ltr'>senatus</span> <span class='ocrx_word' id='word_1_266' title='bbox 204 2393 355 2448; x_wconf 88' lang='lat' dir='ltr'>laticlauia</span> <span class='ocrx_word' id='word_1_267' title='bbox 373 2395 402 2449; x_wconf 87' lang='lat' dir='ltr'>et</span> <span class='ocrx_word' id='word_1_268' title='bbox 421 2395 515 2448; x_wconf 89' lang='lat' dir='ltr'>cetera</span> <span class='ocrx_word' id='word_1_269' title='bbox 538 2392 689 2463; x_wconf 81' lang='lat' dir='ltr'>dignitatis</span> <span class='ocrx_word' id='word_1_270' title='bbox 712 2392 838 2462; x_wconf 88' lang='lat' dir='ltr'>insignia</span> <span class='ocrx_word' id='word_1_271' title='bbox 862 2393 977 2462; x_wconf 89' lang='lat' dir='ltr'>recepit.</span> <span class='ocrx_word' id='word_1_272' title='bbox 1015 2395 1085 2448; x_wconf 91' lang='lat' dir='ltr'>item</span> 
     </span>
     <span class='ocr_line' id='line_1_34' title="bbox 66 2462 1083 2519; baseline 0 -1"><span class='ocrx_word' id='word_1_273' title='bbox 66 2463 102 2518; x_wconf 86' lang='lat' dir='ltr'>de</span> <span class='ocrx_word' id='word_1_274' title='bbox 124 2463 256 2519; x_wconf 88' lang='lat' dir='ltr'>uictoriis</span> <span class='ocrx_word' id='word_1_275' title='bbox 280 2465 473 2519; x_wconf 84' lang='lat' dir='ltr'>Romanorum</span> <span class='ocrx_word' id='word_1_276' title='bbox 497 2463 630 2518; x_wconf 86' lang='lat' dir='ltr'>diuersis:</span> <span class='ocrx_word' id='word_1_277' title='bbox 653 2463 703 2518; x_wconf 91' lang='lat' dir='ltr'>ubi</span> <span class='ocrx_word' id='word_1_278' title='bbox 728 2484 798 2517; x_wconf 82' lang='lat' dir='ltr'>rvm</span> <span class='ocrx_word' id='word_1_279' title='bbox 821 2462 902 2517; x_wconf 90' lang='lat' dir='ltr'>milia</span> <span class='ocrx_word' id='word_1_280' title='bbox 925 2463 1083 2518; x_wconf 89' lang='lat' dir='ltr'>Marsorum</span> 
     </span>
     <span class='ocr_line' id='line_1_35' title="bbox 64 2534 1083 2605; baseline -0.001 -16"><span class='ocrx_word' id='word_1_281' title='bbox 64 2550 130 2589; x_wconf 90' lang='lat' dir='ltr'>cum</span> <span class='ocrx_word' id='word_1_282' title='bbox 147 2534 257 2589; x_wconf 83' lang='lat' dir='ltr'>Prauoo</span> <span class='ocrx_word' id='word_1_283' title='bbox 275 2534 445 2605; x_wconf 87' lang='lat' dir='ltr'>imperatore</span> <span class='ocrx_word' id='word_1_284' title='bbox 466 2552 515 2590; x_wconf 91' lang='lat' dir='ltr'>suo</span> <span class='ocrx_word' id='word_1_285' title='bbox 535 2552 618 2590; x_wconf 88' lang='lat' dir='ltr'>caesa</span> <span class='ocrx_word' id='word_1_286' title='bbox 641 2538 719 2601; x_wconf 87' lang='lat' dir='ltr'>sunt,</span> <span class='ocrx_word' id='word_1_287' title='bbox 744 2536 828 2604; x_wconf 88' lang='lat' dir='ltr'>capta</span> <span class='ocrx_word' id='word_1_288' title='bbox 846 2554 878 2587; x_wconf 89' lang='lat'>111</span> <span class='ocrx_word' id='word_1_289' title='bbox 896 2534 990 2601; x_wconf 91' lang='lat' dir='ltr'>milia,</span> <span class='ocrx_word' id='word_1_290' title='bbox 1016 2552 1083 2602; x_wconf 88' lang='lat' dir='ltr'>qua-</span> 
     </span>
     <span class='ocr_line' id='line_1_36' title="bbox 63 2604 1083 2675; baseline 0 -16"><span class='ocrx_word' id='word_1_291' title='bbox 63 2606 130 2659; x_wconf 84' lang='lat' dir='ltr'>tuor</span> <span class='ocrx_word' id='word_1_292' title='bbox 155 2604 238 2659; x_wconf 86' lang='lat' dir='ltr'>milia</span> <span class='ocrx_word' id='word_1_293' title='bbox 264 2605 378 2675; x_wconf 83' lang='lat' dir='ltr'>profugi</span> <span class='ocrx_word' id='word_1_294' title='bbox 405 2605 504 2675; x_wconf 90' lang='lat' dir='ltr'>iugum</span> <span class='ocrx_word' id='word_1_295' title='bbox 530 2606 635 2660; x_wconf 88' lang='lat' dir='ltr'>montis</span> <span class='ocrx_word' id='word_1_296' title='bbox 663 2605 885 2661; x_wconf 88' lang='lat' dir='ltr'>conscenderant</span> <span class='ocrx_word' id='word_1_297' title='bbox 913 2608 942 2659; x_wconf 90' lang='lat' dir='ltr'>et</span> <span class='ocrx_word' id='word_1_298' title='bbox 969 2605 1083 2659; x_wconf 89' lang='lat' dir='ltr'>niuibus</span> 
     </span>
     <span class='ocr_line' id='line_1_37' title="bbox 64 2675 1083 2746; baseline 0.001 -17"><span class='ocrx_word' id='word_1_299' title='bbox 64 2675 226 2745; x_wconf 84' lang='lat' dir='ltr'>riguerunt,</span> <span class='ocrx_word' id='word_1_300' title='bbox 259 2676 311 2730; x_wconf 87' lang='lat' dir='ltr'>alii</span> <span class='ocrx_word' id='word_1_301' title='bbox 339 2676 475 2746; x_wconf 86' lang='lat' dir='ltr'>stirpibus</span> <span class='ocrx_word' id='word_1_302' title='bbox 505 2677 553 2730; x_wconf 89' lang='lat' dir='ltr'>uel</span> <span class='ocrx_word' id='word_1_303' title='bbox 581 2676 656 2732; x_wconf 87' lang='lat' dir='ltr'>saxis</span> <span class='ocrx_word' id='word_1_304' title='bbox 683 2676 803 2731; x_wconf 87' lang='lat' dir='ltr'>reclines</span> <span class='ocrx_word' id='word_1_305' title='bbox 832 2675 882 2729; x_wconf 86' lang='lat' dir='ltr'>alii</span> <span class='ocrx_word' id='word_1_306' title='bbox 910 2676 995 2729; x_wconf 86' lang='lat' dir='ltr'>armis</span> <span class='ocrx_word' id='word_1_307' title='bbox 1025 2676 1083 2730; x_wconf 91' lang='lat' dir='ltr'>suis</span> 
     </span>
     <span class='ocr_line' id='line_1_38' title="bbox 64 2744 1085 2816; baseline 0.002 -16"><span class='ocrx_word' id='word_1_308' title='bbox 64 2744 221 2800; x_wconf 84' lang='lat' dir='ltr'>innitentes</span> <span class='ocrx_word' id='word_1_309' title='bbox 242 2748 408 2816; x_wconf 90' lang='lat' dir='ltr'>patentibus</span> <span class='ocrx_word' id='word_1_310' title='bbox 437 2747 527 2803; x_wconf 87' lang='lat' dir='ltr'>oculis</span> <span class='ocrx_word' id='word_1_311' title='bbox 556 2747 741 2816; x_wconf 89' lang='lat' dir='ltr'>dentibusque</span> <span class='ocrx_word' id='word_1_312' title='bbox 769 2746 884 2800; x_wconf 88' lang='lat' dir='ltr'>nudatis</span> <span class='ocrx_word' id='word_1_313' title='bbox 912 2747 943 2801; x_wconf 90' lang='lat' dir='ltr'>in</span> <span class='ocrx_word' id='word_1_314' title='bbox 970 2748 1085 2802; x_wconf 85' lang='lat' dir='ltr'>modurn</span> 
     </span>
     <span class='ocr_line' id='line_1_39' title="bbox 65 2816 1084 2874; baseline 0.004 -4"><span class='ocrx_word' id='word_1_315' title='bbox 65 2816 226 2871; x_wconf 88' lang='lat' dir='ltr'>uiuentium</span> <span class='ocrx_word' id='word_1_316' title='bbox 244 2816 416 2872; x_wconf 86' lang='lat' dir='ltr'>uisebantur.</span> <span class='ocrx_word' id='word_1_317' title='bbox 438 2850 471 2859; x_wconf 92' lang='lat'><em>-</em></span> <span class='ocrx_word' id='word_1_318' title='bbox 491 2818 647 2873; x_wconf 90' lang='lat' dir='ltr'>Vidaoilius</span> <span class='ocrx_word' id='word_1_319' title='bbox 671 2819 727 2872; x_wconf 85' lang='lat' dir='ltr'>dux</span> <span class='ocrx_word' id='word_1_320' title='bbox 746 2818 904 2872; x_wconf 88' lang='lat' dir='ltr'>Picentium</span> <span class='ocrx_word' id='word_1_321' title='bbox 926 2836 1035 2874; x_wconf 90' lang='lat' dir='ltr'>ueneno</span> <span class='ocrx_word' id='word_1_322' title='bbox 1055 2836 1084 2874; x_wconf 86' lang='lat' dir='ltr'>ee</span> 
     </span>
     <span class='ocr_line' id='line_1_40' title="bbox 66 2886 1083 3031; baseline 0.003 -88"><span class='ocrx_word' id='word_1_323' title='bbox 66 2886 223 3031; x_wconf 26' lang='lat' dir='ltr'>lumbi&amp;</span> <span class='ocrx_word' id='word_1_324' title='bbox 246 2887 430 2943; x_wconf 86' lang='lat' dir='ltr'>laudantibus</span> <span class='ocrx_word' id='word_1_325' title='bbox 456 2889 514 2943; x_wconf 89' lang='lat' dir='ltr'>suis</span> <span class='ocrx_word' id='word_1_326' title='bbox 542 2889 661 2957; x_wconf 88' lang='lat' dir='ltr'>factum,</span> <span class='ocrx_word' id='word_1_327' title='bbox 689 2906 747 2943; x_wconf 92' lang='lat' dir='ltr'>non</span> <span class='ocrx_word' id='word_1_328' title='bbox 774 2891 870 2944; x_wconf 88' lang='lat' dir='ltr'>tamen</span> <span class='ocrx_word' id='word_1_329' title='bbox 897 2888 1083 2946; x_wconf 88' lang='lat' dir='ltr'>imitantibus.</span> 
     </span>
    </p>

    <p class='ocr_par' dir='ltr' id='par_1_9' title="bbox 65 3038 1085 3322">
     <span class='ocr_line' id='line_1_41' title="bbox 138 3038 1083 3113; baseline 0.002 -20"><span class='ocrx_word' id='word_1_330' title='bbox 138 3038 240 3094; x_wconf 90' lang='lat' dir='ltr'>XXXI.</span> <span class='ocrx_word' id='word_1_331' title='bbox 267 3038 311 3093; x_wconf 89' lang='lat' dir='ltr'>De</span> <span class='ocrx_word' id='word_1_332' title='bbox 338 3040 480 3095; x_wconf 79' lang='lat' dir='ltr'>Postumio</span> <span class='ocrx_word' id='word_1_333' title='bbox 506 3042 610 3096; x_wconf 81' lang='lat' dir='ltr'>Albino</span> <span class='ocrx_word' id='word_1_334' title='bbox 637 3040 672 3094; x_wconf 78' lang='lat' dir='ltr'>L.</span> <span class='ocrx_word' id='word_1_335' title='bbox 699 3040 792 3111; x_wconf 78' lang='lat' dir='ltr'>Syllae</span> <span class='ocrx_word' id='word_1_336' title='bbox 816 3042 912 3110; x_wconf 81' lang='lat' dir='ltr'>legate</span> <span class='ocrx_word' id='word_1_337' title='bbox 940 3043 1083 3113; x_wconf 89' lang='lat' dir='ltr'>lapidibus</span> 
     </span>
     <span class='ocr_line' id='line_1_42' title="bbox 66 3108 1085 3179; baseline 0.003 -18"><span class='ocrx_word' id='word_1_338' title='bbox 66 3108 160 3164; x_wconf 90' lang='lat' dir='ltr'>occiso</span> <span class='ocrx_word' id='word_1_339' title='bbox 186 3111 217 3164; x_wconf 88' lang='lat' dir='ltr'>et</span> <span class='ocrx_word' id='word_1_340' title='bbox 243 3109 279 3164; x_wconf 91' lang='lat' dir='ltr'>de</span> <span class='ocrx_word' id='word_1_341' title='bbox 305 3109 400 3179; x_wconf 81' lang='lat' dir='ltr'>Syllae</span> <span class='ocrx_word' id='word_1_342' title='bbox 426 3111 646 3179; x_wconf 87' lang='lat' dir='ltr'>contestatione,</span> <span class='ocrx_word' id='word_1_343' title='bbox 675 3111 725 3164; x_wconf 92' lang='lat' dir='ltr'>ubi</span> <span class='ocrx_word' id='word_1_344' title='bbox 750 3112 907 3166; x_wconf 88' lang='lat' dir='ltr'>Romanum</span> <span class='ocrx_word' id='word_1_345' title='bbox 933 3114 1085 3166; x_wconf 86' lang='lat' dir='ltr'>exercitum</span> 
     </span>
     <span class='ocr_line' id='line_1_43' title="bbox 68 3179 1083 3249; baseline -0.002 -14"><span class='ocrx_word' id='word_1_346' title='bbox 68 3179 223 3249; x_wconf 74' lang='lat' dir='ltr'>per-mouit,</span> <span class='ocrx_word' id='word_1_347' title='bbox 247 3181 281 3234; x_wconf 91' lang='lat' dir='ltr'>ut</span> <span class='ocrx_word' id='word_1_348' title='bbox 302 3200 372 3236; x_wconf 85' lang='lat' dir='ltr'>xvm</span> <span class='ocrx_word' id='word_1_349' title='bbox 393 3181 474 3236; x_wconf 89' lang='lat' dir='ltr'>milia</span> <span class='ocrx_word' id='word_1_350' title='bbox 497 3181 667 3236; x_wconf 81' lang='lat' dir='ltr'>Samnitium</span> <span class='ocrx_word' id='word_1_351' title='bbox 689 3182 905 3236; x_wconf 82' lang='lat' dir='ltr'>interfecissent.</span> <span class='ocrx_word' id='word_1_352' title='bbox 943 3182 978 3235; x_wconf 93' lang='lat' dir='ltr'>de</span> <span class='ocrx_word' id='word_1_353' title='bbox 1003 3183 1083 3236; x_wconf 90' lang='lat' dir='ltr'>Pom-</span> 
     </span>
     <span class='ocr_line' id='line_1_44' title="bbox 65 3249 1051 3322; baseline 0 -17"><span class='ocrx_word' id='word_1_354' title='bbox 65 3249 131 3321; x_wconf 89' lang='lat' dir='ltr'>peio</span> <span class='ocrx_word' id='word_1_355' title='bbox 150 3254 180 3307; x_wconf 87' lang='lat' dir='ltr'>et</span> <span class='ocrx_word' id='word_1_356' title='bbox 199 3252 235 3306; x_wconf 92' lang='lat' dir='ltr'>de</span> <span class='ocrx_word' id='word_1_357' title='bbox 255 3253 383 3321; x_wconf 85' lang='lat' dir='ltr'>egestate</span> <span class='ocrx_word' id='word_1_358' title='bbox 403 3251 554 3322; x_wconf 85' lang='lat' dir='ltr'>inopiaque</span> <span class='ocrx_word' id='word_1_359' title='bbox 573 3255 703 3307; x_wconf 86' lang='lat' dir='ltr'>Romana</span> <span class='ocrx_word' id='word_1_360' title='bbox 721 3255 749 3306; x_wconf 88' lang='lat' dir='ltr'>et</span> <span class='ocrx_word' id='word_1_361' title='bbox 767 3252 882 3320; x_wconf 87' lang='lat' dir='ltr'>reliqua.</span> <span class='ocrx_word' id='word_1_362' title='bbox 914 3252 961 3321; x_wconf 90' lang='lat'>[18</span> <span class='ocrx_word' id='word_1_363' title='bbox 976 3258 990 3316; x_wconf 67' lang='grc' dir='ltr'>ξ</span> <span class='ocrx_word' id='word_1_364' title='bbox 1005 3253 1051 3322; x_wconf 80' lang='lat'>22]</span> 
     </span>
    </p>
   </div>
   <div class='ocr_carea' id='block_1_5' title="bbox 135 3329 1086 3399">
    <p class='ocr_par' dir='ltr' id='par_1_10' title="bbox 135 3329 1086 3399">
     <span class='ocr_line' id='line_1_45' title="bbox 135 3329 1086 3399; baseline -0.003 -14"><span class='ocrx_word' id='word_1_365' title='bbox 135 3330 250 3386; x_wconf 80' lang='lat' dir='ltr'>XXXII.</span> <span class='ocrx_word' id='word_1_366' title='bbox 280 3330 323 3386; x_wconf 91' lang='lat' dir='ltr'>De</span> <span class='ocrx_word' id='word_1_367' title='bbox 341 3330 425 3386; x_wconf 88' lang='lat' dir='ltr'>initio</span> <span class='ocrx_word' id='word_1_368' title='bbox 444 3331 632 3387; x_wconf 88' lang='lat' dir='ltr'>Mithridatici</span> <span class='ocrx_word' id='word_1_369' title='bbox 650 3331 721 3387; x_wconf 90' lang='lat' dir='ltr'>belli</span> <span class='ocrx_word' id='word_1_370' title='bbox 739 3333 768 3384; x_wconf 89' lang='lat' dir='ltr'>et</span> <span class='ocrx_word' id='word_1_371' title='bbox 786 3331 821 3384; x_wconf 89' lang='lat' dir='ltr'>de</span> <span class='ocrx_word' id='word_1_372' title='bbox 840 3329 917 3384; x_wconf 91' lang='lat' dir='ltr'>ciuili</span> <span class='ocrx_word' id='word_1_373' title='bbox 935 3329 1011 3382; x_wconf 90' lang='lat' dir='ltr'>bello</span> <span class='ocrx_word' id='word_1_374' title='bbox 1034 3346 1086 3399; x_wconf 89' lang='lat' dir='ltr'>per</span> 
     </span>
    </p>
   </div>
   <div class='ocr_carea' id='block_1_6' title="bbox 66 3399 1085 3616">
    <p class='ocr_par' dir='ltr' id='par_1_11' title="bbox 66 3399 1085 3616">
     <span class='ocr_line' id='line_1_46' title="bbox 66 3399 1084 3473; baseline -0.003 -18"><span class='ocrx_word' id='word_1_375' title='bbox 66 3400 188 3457; x_wconf 81' lang='lat' dir='ltr'>Marium</span> <span class='ocrx_word' id='word_1_376' title='bbox 206 3403 282 3458; x_wconf 80' lang='lat' dir='ltr'>aeto.</span> <span class='ocrx_word' id='word_1_377' title='bbox 314 3401 455 3473; x_wconf 78' lang='lat' dir='ltr'>Sulpicius</span> <span class='ocrx_word' id='word_1_378' title='bbox 469 3402 553 3456; x_wconf 89' lang='lat' dir='ltr'>Marii</span> <span class='ocrx_word' id='word_1_379' title='bbox 567 3403 678 3473; x_wconf 87' lang='lat' dir='ltr'>collega</span> <span class='ocrx_word' id='word_1_380' title='bbox 697 3417 777 3455; x_wconf 87' lang='lat' dir='ltr'>seruo</span> <span class='ocrx_word' id='word_1_381' title='bbox 797 3417 846 3455; x_wconf 90' lang='lat' dir='ltr'>suo</span> <span class='ocrx_word' id='word_1_382' title='bbox 865 3399 1002 3469; x_wconf 87' lang='lat' dir='ltr'>prodente</span> <span class='ocrx_word' id='word_1_383' title='bbox 1021 3417 1084 3468; x_wconf 92' lang='lat' dir='ltr'>pro-</span> 
     </span>
     <span class='ocr_line' id='line_1_47' title="bbox 66 3472 1085 3543; baseline -0.003 -16"><span class='ocrx_word' id='word_1_384' title='bbox 66 3474 172 3528; x_wconf 81' lang='lat' dir='ltr'>stratus</span> <span class='ocrx_word' id='word_1_385' title='bbox 187 3474 243 3531; x_wconf 86' lang='lat' dir='ltr'>est.</span> <span class='ocrx_word' id='word_1_386' title='bbox 270 3472 379 3528; x_wconf 85' lang='lat' dir='ltr'>Marius</span> <span class='ocrx_word' id='word_1_387' title='bbox 393 3472 505 3543; x_wconf 86' lang='lat' dir='ltr'>fugiens</span> <span class='ocrx_word' id='word_1_388' title='bbox 520 3473 716 3528; x_wconf 87' lang='lat' dir='ltr'>etMinturnas</span> <span class='ocrx_word' id='word_1_389' title='bbox 731 3472 867 3526; x_wconf 89' lang='lat' dir='ltr'>deductus</span> <span class='ocrx_word' id='word_1_390' title='bbox 883 3472 1085 3538; x_wconf 88' lang='lat' dir='ltr'>contrususque</span> 
     </span>
     <span class='ocr_line' id='line_1_48' title="bbox 67 3541 1084 3616; baseline -0.001 -19"><span class='ocrx_word' id='word_1_391' title='bbox 67 3541 99 3597; x_wconf 89' lang='lat' dir='ltr'>in</span> <span class='ocrx_word' id='word_1_392' title='bbox 121 3560 266 3601; x_wconf 66' lang='lat' dir='ltr'>aucorem</span> <span class='ocrx_word' id='word_1_393' title='bbox 288 3560 484 3616; x_wconf 81' lang='lat' dir='ltr'>percussorem</span> <span class='ocrx_word' id='word_1_394' title='bbox 507 3544 544 3599; x_wconf 82' lang='lat' dir='ltr'>ad</span> <span class='ocrx_word' id='word_1_395' title='bbox 568 3561 598 3599; x_wconf 90' lang='lat' dir='ltr'>se</span> <span class='ocrx_word' id='word_1_396' title='bbox 621 3545 739 3598; x_wconf 88' lang='lat' dir='ltr'>missum</span> <span class='ocrx_word' id='word_1_397' title='bbox 761 3544 821 3598; x_wconf 89' lang='lat' dir='ltr'>solo</span> <span class='ocrx_word' id='word_1_398' title='bbox 840 3541 921 3596; x_wconf 91' lang='lat' dir='ltr'>uultu</span> <span class='ocrx_word' id='word_1_399' title='bbox 939 3542 1084 3610; x_wconf 88' lang='lat' dir='ltr'>exterruit,</span> 
     </span>
    </p>
   </div>
   <div class='ocr_carea' id='block_1_7' title="bbox 0 0 1201 3960">
    <p class='ocr_par' dir='ltr' id='par_1_12' title="bbox 0 0 1201 3960">
     <span class='ocr_line' id='line_1_49' title="bbox 0 0 1201 3960; baseline 0 0"><span class='ocrx_word' id='word_1_400' title='bbox 0 0 1201 3960; x_wconf 95' lang='lat' dir='ltr'> </span> 
     </span>
    </p>
   </div>
  </div>
 </body>
</html>
