2370 3960
312 172 508 224 mvsasvn
525 172 690 225 pransos
708 173 765 224 nn
784 176 807 226 r.
827 175 853 228 a.
904 235 907 241 ,
1026 172 1089 237 113

72 317 158 379 rant.
205 315 258 379 cui
286 335 358 378 eum
385 315 517 380 omnino
545 316 635 380 nulla
662 315 716 379 uel
739 315 917 380 obsistendi
940 317 992 380 uel
1016 337 1090 381 eua·
1108 329 1150 376 a.

74 403 171 467 dendi
208 402 349 468 facultas
385 406 484 486 esset,
520 400 675 486 Calpurni
707 401 872 470 Flammae
903 405 1025 469 uirtute
1058 407 1091 468 et

73 513 174 575 opera
207 478 365 555 littratus
398 494 460 574 est,
493 491 548 576 qui
580 491 664 556 lecta
695 495 913 557 trecentorum
945 493 1091 558 uirorum

74 602 175 644 manu
213 579 375 645 insessum
409 580 450 644 ab
482 579 632 645 hostibus
664 580 826 645 tumulum
858 582 1027 667 occupauit
1060 586 1092 647 et

45 669 110 732 ⁵in
141 689 176 733 se
199 667 328 741 Poenos
357 689 468 732 omnes
491 669 667 753 pugnando
696 669 869 752 conuertit,
901 670 1003 735 donec
1025 670 1091 735 Ro·

74 778 191 821 manus
229 757 389 821 exercitus
426 756 577 821 obsessas
614 758 782 842 angustias
818 757 912 822 hoste
943 779 1009 823 non
1041 781 1091 822 ur-

74 848 379 1016 {tttttttsstt
403 847 696 1016 ttttttltt?
711 845 1126 998 tltttttttttl?

74 1025 108 1085 et
141 1021 353 1086 cadaueribus
386 1020 535 1085 obtectus
568 1021 682 1086 euasit.
732 1021 900 1086 Hannibal
933 1023 1039 1086 senior
1072 1035 1127 1085 a4

35 1129 61 1167 1⁰
75 1107 401 1194 Carthaginiensibus
427 1109 545 1174 iterum
569 1109 663 1175 classi
682 1110 897 1193 praepositus,
919 1109 1092 1174 infeliciter

76 1219 150 1262 eum
173 1197 332 1263 Romanis
355 1197 467 1261 nauali
489 1197 613 1281 proelio
638 1219 831 1284 congressus
855 1201 888 1262 et
910 1198 1026 1282 uictus,
1049 1199 1089 1262 ab

76 1286 220 1351 exercitu
239 1308 297 1350 suo
317 1285 477 1350 seditione
496 1289 568 1349 orta
587 1285 751 1369 lapidibus
771 1290 942 1370 coopertus
958 1287 1091 1352 interiit.

21 1391 62 1431 sce
76 1373 200 1439 Atilius
233 1374 353 1439 conlsul
385 1372 540 1456 Liparam
567 1372 777 1459 Melitamque
808 1375 932 1440 insulas
962 1373 1126 1440 Siciliaes

77 1462 204 1527 nobiles
227 1465 425 1547 peruagatus
449 1462 575 1527 euertit.
612 1465 771 1547 consules,
793 1464 827 1527 in
845 1462 992 1528 Africam
1010 1465 1127 1529 iussis

38 1550 254 1615 retransferre
277 1550 408 1634 bellurn,
431 1571 505 1614 cum
528 1551 681 1615 busseniis
699 1552 837 1636 triginta
853 1552 993 1616 nauibus
1014 1551 1091 1616 Sici-

76 1639 155 1702 liam
174 1639 373 1722 petiuerunt:
397 1639 514 1723 quibus
532 1637 701 1703 Hamilcar
715 1638 896 1703 Poenorum
915 1640 1092 1723 imperator

76 1730 110 1791 et
134 1725 252 1792 Hanno
281 1727 379 1792 classi
405 1726 587 1810 praefectus
615 1727 763 1791 occurrit.
809 1730 957 1790 conserto
980 1728 1115 1792 nauali·

75 1815 200 1898 proelio
229 1813 515 1899 Carthaginienses
546 1815 580 1878 in
609 1815 721 1898 fugam
749 1813 835 1878 uersi
863 1814 1030 1898 sexaginta
1060 1818 1093 1878 et

78 1906 234 1986 quattuor
256 1924 357 1968 naues
375 1903 595 1986 perdiderunt.
624 1903 766 1967 uictores
786 1903 933 1966 consules
952 1902 988 1966 in
1003 1899 1092 1966 Afri-
1112 1915 1128 1964 '1

38 2007 64 2047 2⁰
78 2012 151 2056 cam
176 1991 355 2056 transuecti
379 1995 455 2055 sunt
477 1992 679 2075 primamque
702 1991 845 2055 omnium
870 1987 1017 2073 Clipeam
1038 2012 1092 2054 ur-

77 2079 153 2144 bem
176 2080 211 2144 in
234 2079 429 2144 deditionem
452 2083 650 2163 receperunt.
686 2078 761 2143 inde
781 2076 1015 2164 Carthaginem
1037 2101 1092 2163 pe·
1111 2092 1127 2140 8

77 2170 185 2232 tentes
208 2170 354 2232 trecenta
377 2171 434 2232 aut
457 2188 494 2232 eo
518 2167 656 2251 amplius
681 2168 816 2233 castella
838 2167 987 2252 populati
1006 2172 1093 2252 sunt,

75 2256 197 2321 infesta
217 2253 411 2341 Carthagini
435 2256 529 2340 signa
550 2255 825 2321 circumtulerunt.
857 2255 998 2320 Manlius
1018 2269 1127 2324 con-9

75 2346 126 2408 sul
161 2343 275 2408 Africa
309 2365 382 2409 cum
420 2343 546 2410 uictrici
581 2345 684 2410 classe
715 2345 870 2409 decedens
899 2348 1025 2427 septem
1060 2349 1092 2409 et

37 2448 62 2488 2⁵
75 2433 196 2517 uiginti
224 2433 314 2497 milia
342 2433 546 2515 captiuorum
573 2455 647 2498 eum
670 2433 861 2516 ingentibus
889 2432 1003 2515 spoliis
1026 2432 1091 2497 Ro·

74 2543 163 2585 mam
181 2521 315 2586 reuexit
346 2520 500 2606 Regulus,
517 2520 641 2586 bellum
656 2517 926 2605 Carthaginiense
946 2519 1091 2603 sortitus,
1111 2532 1143 2579 10

74 2610 137 2673 iter
165 2629 237 2674 cum
266 2609 408 2673 exercitu
435 2609 557 2674 faciens
582 2608 671 2672 haud
692 2607 806 2692 procul
830 2630 850 2671 a
871 2607 1003 2671 flumine
1027 2607 1090 2671 Ba-

75 2697 178 2781 grada
208 2700 316 2762 castra
349 2698 533 2763 constituit:
566 2697 622 2761 ubi
654 2717 727 2761 cum
758 2695 916 2779 plurimos
948 2696 1092 2761 militum

76 2785 218 2869 aquandi
249 2785 442 2850 necessitate
475 2786 516 2850 ad
547 2786 668 2850 flumen
701 2783 928 2865 descendentes
958 2806 1091 2868 serpens

38 2889 62 2928 ³⁰
76 2874 177 2938 mirac
202 2874 437 2959 magnitudinis
461 2874 643 2954 deuorarat,
670 2872 815 2959 Regulus
839 2873 880 2938 ad
904 2895 1092 2959 expugnan-

76 2961 151 3026 dam
173 2962 311 3026 bestiam
336 2984 408 3027 eum
432 2963 572 3027 exercitu
594 2961 759 3046 profectus
782 2966 841 3027 est.
879 2962 935 3028 sed
953 2962 1036 3027 nihil
1055 2963 1090 3027 in
1109 2974 1140 3022 11

75 3053 168 3135 tergo
197 3051 267 3115 eius
295 3050 538 3134 proficientibus
565 3051 679 3116 iaculis
709 3054 807 3135 atque
834 3051 923 3116 omni
936 3039 1089 3115 ’telorum

75 3139 143 3204 ictu
172 3139 286 3222 inrito,
316 3159 397 3222 quae
426 3161 484 3224 per
509 3139 704 3204 horrendam
732 3161 941 3223 squamarum
970 3142 1091 3202 cratem

77 3227 170 3310 quasi
199 3248 258 3311 per
286 3226 452 3312 obliquam
483 3231 647 3294 scutorum
674 3227 872 3293 testudinem
899 3226 1091 3291 labebantur

39 3316 257 3400 &mirumque
285 3315 319 3379 in
347 3316 491 3400 modum,
517 3338 557 3381 ne
585 3338 702 3400 corpus
724 3316 900 3398 laederent,
929 3315 1000 3396 ipso
1023 3333 1091 3376 cor·

75 3425 155 3487 pore
178 3404 396 3489 pellebantur,
422 3426 495 3470 cum
519 3405 650 3489 insuper
672 3425 827 3489 magnam
850 3400 1091 3467 multitudinem

77 3513 187 3558 morsu
207 3493 382 3577 conminui,
404 3493 529 3577 impetu
547 3493 678 3578 proteri,
697 3492 802 3557 halitu
820 3491 919 3554 etiam
936 3488 1091 3574 pestifero

37 3594 64 3653 Ι
130 3605 499 3650 Onosrvsnn.anrcm1srna.
914 3599 930 3648 8
