2370 3960
88 181 154 245 258
333 180 447 252 [Pam
467 179 590 232 ososrr
608 179 858 231 HISTORIARVM

91 327 222 391 toninus
246 324 424 388 Bassianus
448 321 596 406 idemque
616 321 783 388 Caracalla
806 323 941 386 octauus
965 321 1107 386 decimus

91 416 133 478 ab
153 415 303 513 Augusto
325 412 545 496 principatum
569 411 705 513 adeptus
729 415 779 474 est
801 410 1021 511 mansitque
1011 432 1048 474 111
1072 431 1108 475 eo

55 518 70 564 a
94 503 188 567 annis
203 523 270 565 non
284 501 389 584 plenis
404 505 476 585 sept
478 522 537 564 em.
568 500 652 564 uixit
669 502 763 583 patre
783 497 938 582 asperior,
958 499 1109 564 omnibns

92 595 148 654 aut
150 612 201 654 em
231 590 418 654 hominibus
449 588 582 653 libidine
612 587 894 671 intemperantior,
924 587 982 671 qui
1009 586 1109 652 etiam

91 701 264 744 nouercam
293 701 385 744 suam
413 676 530 741 Iuliam
558 697 692 741 uxorem
720 675 856 745 duxerit.
904 672 965 740 lhic
996 679 1109 741 contra
1124 686 1177 742 ab

91 767 233 832 Parthos
258 768 380 831 bellum
403 765 556 849 moliens,
579 765 664 850 inter
686 764 846 830 Edessam
870 768 902 828 ct
926 761 1045 829 Carras
1069 764 1132 829 abc
1162 786 1165 790 ⁴

91 857 242 922 hostibus
267 856 504 922 circumuentus
529 854 654 919 occisus
678 858 736 918 est

55 964 71 1010 3
158 945 238 1010 Post
269 946 357 1009 hunc
388 964 492 1008 nonus
530 942 672 1008 decimus
705 942 746 1007 ab
778 941 928 1025 Augusto
961 938 1107 1026 Ophillus
1124 954 1178 1007 ab

92 1034 274 1117 Macrinus,
312 1033 367 1117 qui
400 1030 583 1117 praefectus
615 1031 781 1114 praetorio
813 1032 899 1113 erat,
935 1051 1010 1096 cum
1042 1030 1109 1095 filio

93 1123 297 1187 Diadumeno
327 1121 449 1185 inuasit
476 1120 649 1204 imperium
677 1119 733 1184 sed
762 1140 892 1183 emenso
920 1140 1008 1184 anno
1038 1135 1144 1185 con-10

93 1213 187 1275 tinuo
216 1209 302 1292 apud
325 1208 551 1274 Archelaidem
574 1208 708 1271 militari
731 1207 876 1271 tumultu
900 1207 1028 1272 occisus
1052 1211 1111 1273 cst.

54 1318 71 1363 4
158 1300 253 1361 Anno
278 1297 319 1361 ab
342 1297 422 1360 urbe
445 1295 576 1360 condita
598 1311 785 1360 occccaxx
811 1294 940 1360 Marcus
959 1293 1110 1362 Aurelius

91 1386 274 1451 Antoninus
302 1384 498 1449 uicensimns
527 1383 568 1448 ab
594 1384 744 1468 Augusto
773 1384 944 1467 imperium
975 1385 1110 1468 adeptus

55 1494 70 1538 s
91 1474 196 1540 tenuit
216 1472 309 1537 annis
329 1475 491 1557 quattuor.
526 1471 581 1537 hic
600 1472 751 1538 sacerdos
770 1471 985 1558 Heliogabali·
996 1473 1111 1557 templi

91 1563 215 1628 nullam
260 1561 309 1627 sui
350 1562 412 1627 nisi
465 1564 651 1645 stuprorum
699 1560 899 1647 flagitiorum
944 1562 1147 1647 totiusquc15

91 1651 303 1718 obscenitatis
322 1651 476 1716 infamem
495 1650 575 1715 satis
594 1651 783 1716 memoriam
798 1650 939 1734 reliquit.
970 1651 1112 1716 tumultu

93 1746 202 1807 autem
216 1737 361 1805 mililtari
372 1744 494 1823 exorto,
503 1738 627 1804 Romae
639 1761 713 1805 cum
727 1743 831 1804 matre
845 1737 1040 1804 interfectus
1054 1742 1111 1804 est
1125 1766 1143 1805 r.
1155 1749 1182 1794 ⁵⁰²

59 1848 74 1896 6
161 1833 257 1894 Αιιιιο
273 1829 315 1895 ab
330 1830 409 1894 urbe
420 1829 550 1893 condita
560 1844 800 1894 Dccccnxxnu
810 1827 962 1893 Aurelius
972 1828 1113 1893 Alexan·

95 1921 152 1984 der
170 1918 366 1984 uicensimus
385 1917 511 2000 primus
531 1916 572 1982 ab
590 1916 741 2001 Augusto
762 1921 894 1981 senatus
914 1937 952 1982 ac
971 1917 1113 1981 militum

94 2010 230 2074 uolunta
231 2006 456 2088 teimperator
472 2008 559 2069 creat
560 2027 598 2070 us
544 2004 768 2070 ttredecim
783 2005 875 2070 annis
891 2004 989 2090 digno
1005 2004 1112 2089 aequi·
1126 2020 1150 2061 ιο

60 2101 173 2160 itatis
201 2094 373 2177 praeconio
402 2092 479 2176 suia
508 2093 598 2157 cuius
627 2098 731 2157 mater
758 2089 895 2158 Malmea
924 2092 1145 2159 Christianae
1170 2111 1182 2137 *¹2

94 2184 266 2283 Origenem
285 2181 511 2265 presbyterum
531 2180 641 2245 audire
665 2181 804 2246 curauit:
828 2203 906 2246 nam
929 2181 1043 2247 statim
1062 2204 1113 2247 ex-

93 2270 191 2355 pedit
183 2292 255 2334 rone
274 2270 308 2333 in
322 2269 439 2334 Persas
459 2269 525 2334 fact
510 2272 545 2333 ta
563 2269 691 2334 Xerxen
709 2290 820 2354 regem
839 2291 951 2335 eorum
969 2271 1112 2336 maximo

62 2361 184 2428 abello
213 2359 317 2424 uictor
346 2358 517 2443 oppressit.
562 2356 706 2443 leiano
733 2381 811 2423 usus
836 2359 1004 2424 adsessorc
1028 2380 1112 2424 sum·

97 2473 185 2515 mam
210 2450 261 2514 sui
279 2449 537 2513 moderationem
558 2448 755 2533 reipublicae
775 2447 933 2531 exhibuit3
956 2448 1013 2512 sed
1031 2447 1113 2512 mili·
1127 2460 1152 2502 ιι

97 2542 161 2604 tari
184 2540 303 2603 tumult
289 2544 325 2603 tu
349 2538 433 2623 apud
457 2537 773 2623 Mogontiacumt
724 2538 773 2602 int
774 2534 911 2603 erfectus
935 2540 994 2602 est

43 2643 81 2696 la
169 2626 272 2693 lAnno
301 2628 342 2692 ab
370 2627 450 2692 urbe
478 2627 609 2693 condita
573 2630 891 2693 toccccaxxxvn
913 2624 1146 2690 Maximinusn
1164 2646 1178 2671 ··

99 2717 295 2780 uicensimus
319 2716 480 2780 secundus
505 2715 546 2781 ab
543 2716 695 2868 August
698 2738 716 2780 o
682 2715 824 2780 tnulla
843 2717 937 2779 senat
938 2736 976 2778 us
922 2713 1113 2778 t·uolnn

98 2808 132 2866 ta
133 2807 165 2866 te
184 2805 362 2885 imperator
382 2804 422 2866 ab
438 2803 558 2869 exercit
558 2827 589 2888 u,
608 2806 783 2888 postquam
799 2804 942 2867 bellum
933 2825 968 2866 m
983 2801 1114 2868 Germa-

97 2891 151 2953 nia
165 2911 319 2973 prospere
334 2894 487 2974 gesserat,
511 2895 638 2957 creatus
657 2891 938 2974 persecutionem
928 2914 963 2956 111
978 2887 1113 2957 Christi·
1126 2908 1151 2948 30

62 2992 178 3042 aanos
202 2980 311 3041 sextus
335 2995 355 3039 a
373 2975 503 3043 Nerone
528 2979 677 3043 exercuit.
714 2978 770 3043 sed
793 2980 956 3065 continuo,
977 2980 1114 3046 hoct
1064 2983 1114 3044 est

97 3068 195 3132 tertio
225 3087 323 3150 quam
351 3064 512 3148 regnabat
535 3087 634 3150 anno,
659 3089 678 3130 a
702 3066 847 3150 Pupieno
872 3031 1115 3153 Aquileiaein·

98 3157 253 3222 terfeetus
284 3158 316 3218 et
345 3153 580 3256 persecutionis
612 3158 645 3218 et
673 3154 762 3218 uitae
793 3155 892 3221 finem
917 3158 1012 3223 fecit.
1059 3157 1115 3242 qui

99 3248 239 3311 maxime
254 3247 350 3328 propt
352 3264 386 3307 er
336 3233 520 3308 tOhrist
495 3245 620 3308 tranem
635 3243 820 3327 Alexandri,
840 3246 890 3309 cui
906 3250 1115 3331 successerat,

100 3341 133 3400 ct
165 3335 311 3399 Mameae
343 3336 411 3396 mat
412 3331 457 3396 rie
495 3331 563 3396 eius
595 3332 754 3397 familiam
787 3336 1047 3416 persecutionem
1079 3336 1154 3398 ina

100 3425 284 3489 sacerdotes
314 3426 347 3486 et
375 3421 521 3506 clericos,
549 3419 582 3484 id
606 3429 655 3486 est
678 3421 753 3486 doct
738 3425 839 3504 tores,
867 3420 919 3486 uel
941 3419 1113 3525 praecipue

99 3517 234 3596 propter
258 3509 432 3595 Origenem
453 3472 591 3595 presbyt
593 3531 684 3575 erum
707 3510 849 3574 miserat.
