2400 3938
100 171 144 237 48
350 177 458 227 PAVLI
475 175 599 228 oeosn
614 176 866 241 HISTORIARVM

51 333 83 381 10
101 322 216 402 tasset3
244 318 404 383 uilissimo
427 319 521 384 unius
544 319 667 397 seruuli
690 339 783 404 egere
806 318 1001 402 ministerio,
1024 319 1118 383 cuius

101 409 278 492 potentiae,
309 407 387 472 dum
417 411 544 472 montes
574 407 776 489 exciduntur,
806 407 909 472 ualles
939 407 1117 491 replentur,

103 517 214 560 amnes
234 494 477 581 exhauriuntur,
495 497 567 580 ipsa
585 497 684 561 etiem
701 519 810 562 rerum
824 499 941 560 natura
955 496 1119 560 cessisset.

50 598 81 646 11
101 584 267 668 pedestres
305 606 433 670 quoque
469 585 593 669 copiee,
635 607 716 670 quae
753 585 888 650 ducibus
924 585 1119 650 commissae

102 673 240 756 fuerant,
262 673 375 738 labore
397 674 483 738 fame
507 695 544 738 ao
567 676 656 740 metu
678 673 726 739 ita
747 674 973 739 distabuerunt
991 676 1025 739 et
1043 694 1119 741 cru-
1145 689 1159 730 ⁵

102 762 251 827 descente
274 764 388 829 morbo
411 765 505 828 tante
525 762 628 846 pestis
645 765 802 848 tantaque
819 762 958 827 foeditas
976 761 1119 826 morien-

102 851 186 916 tium
210 855 323 917 exorta
342 854 403 935 est,
422 855 460 916 ut
477 852 551 916 uiae
570 850 780 917 cadaueribus
794 850 1005 935 replerentur,
1027 850 1118 915 dirae

39 1019 43 1029 1
102 941 201 1007 etiam
220 941 315 1006 alites
334 944 432 1024 atque
450 940 619 1025 improbae
637 940 760 1005 bestiae
779 961 926 1005 esserum
944 939 1118 1004 inlecebris

11 1032 40 1116 (f
103 1030 296 1094 sollicitatae
318 1029 547 1094 moribundum
571 1033 780 1112 sequerentur
804 1029 988 1094 exercitum.

49 1123 85 1178 11
171 1115 225 1181 lAt
248 1139 324 1182 uero
349 1117 546 1200 Mardonius,
569 1118 622 1182 oui
643 1118 767 1202 reliqua
790 1117 867 1181 belli
884 1116 1006 1182 Xerxes
1030 1138 1118 1181 com·
1131 1144 1154 1182 a·
1168 1135 1195 1185 ιι

103 1206 250 1288 miserat,
278 1205 414 1270 adflatus
441 1206 584 1289 primum
612 1227 761 1272 successu
791 1206 882 1271 breui
904 1227 981 1270 mox
1004 1205 1039 1270 in
1061 1223 1159 1270 ex-11

26 1303 28 1309 '
101 1298 206 1358 treme
229 1294 370 1358 deiectus
394 1297 452 1359 est.
489 1291 681 1378 Olynlthum
704 1295 864 1380 siquidem
883 1293 1037 1360 Graeciae
1060 1315 1118 1376 op·
1132 1321 1154 1359 r·
1169 1313 1200 1351 11

67 1382 213 1466 apidum
250 1383 458 1468 expugnauit.
503 1381 719 1448 Athenienses
756 1383 849 1448 uaria
886 1383 1118 1448 sollicitatione

103 1470 261 1535 adducere
279 1472 314 1536 in
332 1492 423 1555 spem
441 1472 531 1554 pacis
551 1471 734 1556 adgressus,
756 1472 812 1537 ubi
831 1471 1118 1556 inexpugnabilem

102 1580 213 1624 eorum
236 1560 422 1626 libertatem
446 1560 547 1645 uidet,
576 1561 707 1626 incensa
730 1561 819 1626 urbis
842 1564 936 1644 parte
958 1561 993 1625 in
1014 1559 1158 1626 Boeo-1⁵

67 1648 185 1713 3tiam
218 1670 348 1714 omnem
375 1649 453 1714 belli
481 1652 675 1734 apparatum
702 1649 839 1716 deducit.
884 1650 961 1714 illuc
990 1647 1118 1733 quoque

103 1759 177 1803 eum
207 1742 338 1805 centum
365 1739 457 1804 milie
480 1737 680 1805 Graecorum
707 1739 854 1804 insecuta
877 1741 954 1803 sunt
976 1740 1009 1802 et
1031 1759 1117 1803 com-

101 1828 202 1893 misso
241 1828 309 1893 sine
346 1850 439 1893 more
470 1828 595 1912 proelio
628 1827 834 1892 Mardonium
867 1826 981 1891 deletis
1013 1827 1117 1910 copiis

101 1917 203 2000 ipsius
236 1917 326 1982 uelut
358 1938 375 1980 e
406 1917 577 2000 naufragio
609 1916 733 1980 nudum
762 1938 835 1980 cum
862 1916 975 1999 paucis
1002 1915 1116 1999 fugere

102 2005 329 2088 conpulerunt3
353 2008 461 2069 castra
479 2005 577 2088 regiis
595 2004 711 2089 opibus
730 2003 851 2068 referta
869 2007 1031 2088 ceperunt,
1050 2025 1118 2069 non
1130 2020 1158 2061 20

101 2113 204 2175 paruo
232 2093 362 2176 quidem
391 2093 542 2177 antiquae
570 2092 747 2157 industriae
776 2093 909 2169 damno:
940 2114 1016 2158 nam
1043 2096 1119 2176 post

101 2179 198 2259 huius
217 2181 356 2264 praedae
376 2181 570 2246 diuisionem
590 2202 705 2245 eurum
719 2180 885 2246 Persicum
899 2183 1006 2265 prima
1020 2179 1121 2248 Grae*

68 2268 171 2333 4ciee
204 2269 339 2334 uirtutis
371 2269 536 2353 corruptio
568 2268 640 2335 fuit.
688 2275 806 2354 urguet
836 2270 938 2355 igitur
968 2271 1118 2354 inceptus

31 2362 42 2379 '
102 2357 237 2422 miseros
262 2363 407 2422 extrema
429 2357 577 2442 perditio.
622 2379 700 2423 nam
723 2358 807 2424 forte
831 2358 944 2425 eodem
959 2360 1026 2438 die,
1053 2380 1117 2443 quo

102 2447 138 2511 in
160 2446 299 2512 Boeotia
320 2446 482 2512 Mardonii
506 2447 617 2530 copiae
641 2447 767 2513 deletae
791 2452 877 2532 sunt,
900 2470 977 2532 pars
996 2447 1118 2513 Persici
1131 2464 1157 2507 es

103 2536 262 2601 exercitus
294 2536 329 2601 in
358 2535 438 2600 Asia
470 2536 530 2601 sub
562 2538 673 2601 monte
701 2535 828 2621 Mycale
855 2537 966 2602 nauali
993 2537 1117 2620 proelio

67 2624 288 2690 terminabat.
323 2625 370 2690 ibi
392 2647 497 2691 nouus
520 2629 653 2710 repente
675 2622 795 2691 rulmor
817 2626 984 2710 utriusque
1003 2625 1117 2690 classis
1130 2652 1152 2690 r·
1167 2642 1193 2680 11

102 2716 135 2775 et
162 2715 275 2796 populi
303 2714 441 2796 inpleuit
470 2736 577 2797 aures,
604 2712 768 2779 Mardonii
795 2713 969 2778 exstinctas
996 2713 1116 2794 copies,

103 2797 244 2864 Graecos
273 2803 436 2865 exstitisse
463 2803 612 2868 uictores.
658 2803 742 2866 mira
769 2800 870 2864 diuini
898 2797 1009 2863 iudicii
1032 2796 1117 2860 ordi·

102 2887 202 2969 natio,
214 2888 250 2951 in
264 2886 402 2954 Boeotia
417 2891 539 2954 oriente
555 2890 622 2954 sole
636 2889 760 2954 bellum
777 2886 878 2951 fuisse
897 2883 1116 2968 commissum,
1130 2904 1157 2944 eo

103 2974 139 3039 in
161 2974 242 3039 Asia
264 2976 450 3042 meridianis
474 2978 564 3042 horis
588 2978 649 3043 sub
673 2977 784 3061 eedem
807 2974 858 3038 die
880 2972 981 3038 tantis
1001 2971 1116 3055 spatiis

68 3072 84 3120 6
102 3061 201 3127 maris
223 3065 391 3148 terraeque
413 3065 679 3131 interiacentibus
702 3062 900 3129 nuntiatum!
929 3061 986 3145 qui
1007 3083 1118 3126 rumor

103 3152 133 3216 ei
151 3151 204 3216 uel
222 3152 363 3216 maxime
382 3153 431 3217 rei
448 3154 663 3237 adstipulatus
682 3155 741 3236 est,
760 3149 845 3235 quod
859 3150 986 3235 Perses,
1006 3151 1118 3216 audita

104 3241 194 3306 clade
230 3240 392 3305 sociorum
427 3241 570 3324 primum
603 3241 713 3306 dolore
746 3238 861 3305 dehinc
893 3240 1118 3324 desperatione

104 3332 284 3415 correptos,
308 3350 368 3394 nec
392 3329 477 3394 bello
502 3329 668 3414 expeditos
690 3349 750 3393 nec
773 3328 872 3410 fugae
894 3328 1022 3395 habiles
1045 3327 1117 3391 red·
1131 3345 1158 3387 se

105 3416 193 3483 didit.
240 3423 335 3504 atque
363 3419 411 3483 ite
439 3421 664 3483 consternatos
687 3417 944 3503 profligatosque
967 3420 1117 3483 consten-

70 3505 167 3570 'ltior
193 3506 298 3573 factus
321 3507 426 3574 hostis
449 3529 598 3574 successu
620 3506 786 3573 felicitatis
811 3507 942 3573 inuasit.
984 3505 1117 3590 Xerxes,
