2370 3960
112 158 178 221 224
356 160 465 210 savar
484 158 607 209 oaosn
625 157 875 209 msroamavrr

113 304 263 369 stituerat
281 302 453 386 profectus,
473 324 546 367 eum
565 323 666 385 prope
680 300 810 365 tertiam
824 304 951 384 partem
966 300 1125 386 remigum

111 392 195 455 fame
214 394 419 474 absumptam
436 390 633 474 offendisset,
659 389 742 453 nihil
758 392 865 453 motus
884 389 994 473 remi,
1015 389 1126 474 inquit,

112 481 220 544 modo
255 480 355 544 salui
389 479 482 564 sint3
518 501 604 544 nam
635 478 803 561 remiges
836 499 912 543 non
950 477 1126 560 deerunt,

76 581 92 627 e
113 568 237 650 quoad
261 567 422 633 Graecia
444 568 619 634 homines
643 566 833 632 habuerit.
871 564 994 631 Caesar
1012 566 1126 632 ducen-

111 658 153 720 tis
182 657 320 741 triginta
348 657 499 722 rostratis
527 657 666 720 nauibus
691 677 711 719 a
733 654 906 719 Brundisio
930 655 966 717 in
988 653 1126 738 Epirum
1148 669 1158 710 ⁵

111 746 276 828 profectus
310 750 368 810 est.
414 746 562 830 Agrippa
594 766 671 809 uero
703 743 900 827 praemissus
932 765 951 806 a
983 740 1127 832 Caesare,

112 836 231 899 multas
260 834 422 899 onerarias
450 855 550 898 naues
578 833 741 897 frumento
766 836 864 916 atque
888 832 987 896 armis
1012 853 1127 917 graues

113 925 154 987 ab
179 925 331 1007 Aegypto
356 921 451 1006 Syria
474 921 619 1005 Asiaque
638 921 677 985 ad
701 919 881 986 subsidium
904 918 1052 985 Antonio
1076 943 1127 984 ue-

113 1012 239 1076 nientes
268 1011 354 1095 oepit
382 1013 618 1095 peragratoque
641 1008 940 1092 Peloponnensium
963 1009 1039 1073 sinu
1062 1008 1128 1074 Mo-

112 1101 248 1164 thonem
271 1101 384 1164 urbem
408 1098 608 1164 ualidissimo
627 1097 813 1162 Antoniano
837 1096 1000 1180 praesidio
1024 1098 1163 1162 muni-1⁰

79 1202 94 1248 7
113 1192 182 1251 tam
197 1188 405 1271 expugnauit.
433 1187 507 1251 inde
522 1185 699 1270 Corcyram
718 1186 817 1268 cepit3
837 1186 999 1270 fugientes
1018 1186 1127 1250 nauali

112 1275 236 1358 proelio
265 1279 453 1358 persecutus
480 1275 681 1358 profligauit·
698 1274 874 1357 multisque
897 1274 994 1338 rebus
1018 1296 1128 1338 cruen-

113 1364 237 1426 tissime
267 1363 369 1447 gestis
398 1362 438 1426 ad
467 1361 641 1427 Caesarem
668 1363 765 1426 uenit.
812 1362 977 1426 Antonius
1002 1361 1151 1429 defectu·

113 1456 146 1513 εὴ
174 1451 258 1514 fame
287 1451 428 1515 militum
457 1473 588 1516 suorum
616 1453 782 1534 permotus
812 1451 934 1515 bellum
965 1454 1128 1525 maturare

113 1540 257 1603 instituit
276 1562 313 1604 ac
336 1543 467 1624 repente
486 1540 653 1605 instructis
673 1539 775 1624 copiis
795 1539 834 1604 ad
854 1538 1003 1604 Caesaris
1023 1543 1128 1605 eastra
1141 1553 1165 1595 15

78 1640 94 1688 8
114 1630 275 1711 processit
305 1633 338 1694 et
364 1629 470 1694 uictus
499 1632 556 1693 est.
601 1629 700 1693 tertio
723 1632 800 1711 post
823 1649 966 1713 pugnam
989 1629 1042 1693 die
1065 1629 1129 1692 An-

113 1719 223 1783 tonius
247 1722 355 1783 castra
378 1718 418 1782 ad
441 1718 573 1783 Actium
595 1718 774 1801 transtulit,
796 1717 907 1782 nauali
929 1717 1054 1800 proelio
1078 1717 1128 1782 de-

115 1829 243 1872 cernere
261 1812 405 1888 paratus.
438 1807 594 1871 ducentae
613 1806 751 1891 triginta
769 1809 928 1870 rostratae
946 1806 1037 1871 fuere
1051 1803 1129 1872 Cae·

116 1896 197 1960 saris
216 1919 317 1961 naues
341 1900 375 1959 et
396 1896 536 1980 triginta
555 1895 625 1958 sine
643 1895 768 1978 rostris,
790 1895 938 1959 triremes
956 1895 1128 1959 uelocitate

114 1984 298 2048 Liburnicis
327 2005 421 2067 pares
450 1986 483 2046 et
512 1987 585 2048 octo
608 1983 754 2067 legiones
779 1983 874 2047 classi
898 1983 1164 2067 superpositae,²⁰

80 2085 95 2132 9
116 2073 236 2154 absque
260 2071 447 2135 cohortibus
472 2071 612 2155 quinque
636 2071 816 2154 praetoriis.
863 2072 974 2135 classis
994 2071 1129 2136 Antonii

115 2164 244 2222 centum
264 2159 471 2243 septuaginta
493 2159 627 2223 nauium
651 2158 723 2243 fuit,
746 2162 902 2243 quantum
924 2180 1058 2223 numero
1083 2180 1129 2224 ce-

116 2248 194 2310 dens
218 2251 348 2311 tantum
371 2247 593 2331 magnitudine
616 2248 824 2332 praecellens,
846 2269 923 2312 nam
946 2247 1056 2312 decem
1075 2269 1130 2332 pe-

65 2348 98 2396 10
118 2336 193 2399 dum
218 2336 388 2401 altitudine
413 2336 540 2401 amari
564 2336 708 2404 aberant.
744 2337 905 2401 famosum
923 2339 956 2399 et
974 2357 1130 2421 magnum

115 2425 178 2490 hoc
201 2427 323 2490 bellum
348 2425 433 2510 apud
456 2424 588 2490 Actium
612 2425 683 2493 fuit.
720 2426 760 2490 ab
783 2426 866 2490 hora
889 2424 1004 2508 quinta
1027 2446 1129 2510 usque
1143 2438 1166 2478 2⁵

116 2516 151 2578 in
177 2516 292 2580 horam
321 2516 493 2599 septimam
516 2515 643 2581 incerta
665 2514 815 2580 uincendi
838 2534 894 2597 spe
919 2513 1131 2598 grauissimae

117 2605 279 2686 utrimque
304 2605 415 2669 caedes
436 2607 540 2688 actae3
562 2605 722 2689 reliquum
741 2603 802 2666 diei
821 2623 895 2667 cum
914 2602 1130 2685 subsequente

64 2703 95 2750 11
116 2696 211 2755 nocte
240 2695 274 2756 in
302 2693 476 2758 uictoriam
500 2691 649 2758 Caesaris
677 2690 856 2757 declinarit
901 2690 990 2771 prior
1017 2690 1131 2772 regina

116 2776 289 2860 Cleopatra
317 2802 390 2844 cum
418 2798 465 2843 Lx
493 2780 706 2846 uelocissimis
733 2777 871 2840 nauibus
898 2776 998 2859 fugit3
1025 2776 1130 2842 Anto·

114 2865 187 2927 nius
212 2888 339 2949 quoque
365 2865 518 2933 ldetracto
542 2868 664 2952 insigni
686 2863 867 2948 praetoriae
886 2863 981 2926 nauis
999 2863 1127 2946 fugien-
1147 2892 1168 2929 r·

114 2955 181 3014 tem
205 2957 333 3017 secutus
357 2976 492 3018 uxorem
516 2959 575 3018 est.
619 2952 834 3017 inlucescente
857 2950 923 3014 iam
948 2951 1000 3015 die
1026 2952 1129 3018 uicto·
1143 2969 1169 3009 31

64 3053 96 3100 12
115 3041 197 3103 riam
221 3039 340 3105 Caesar
363 3042 610 3105 consummauit.
656 3063 695 3105 ex
721 3039 816 3103 uictis
846 3039 1014 3106 duodecim
1037 3042 1129 3107 milia

116 3130 269 3193 cecidisse
297 3129 494 3211 referuntur,
518 3151 573 3193 sex
597 3129 687 3194 milia
709 3128 881 3194 uulnerata
905 3135 996 3215 sunt,
1020 3153 1036 3195 e
1061 3132 1129 3216 qui·

67 3230 99 3279 13
120 3220 180 3282 bus
213 3219 303 3283 mille
334 3219 419 3283 inter
451 3218 628 3282 curandum
660 3217 853 3284 defecerunt.
904 3220 1066 3288 Antonius
1098 3223 1131 3284 et

119 3307 292 3392 Cleopatra
319 3328 504 3373 communes
532 3308 652 3372 liberos
681 3329 753 3372 cum
781 3311 873 3390 parte
896 3309 1006 3395 regiae
1030 3329 1130 3393 gazae
1144 3324 1170 3364 ³⁵

117 3397 157 3460 ad
171 3396 320 3462 Rubrum
338 3419 427 3462 mare
445 3397 700 3480 praemittendos
720 3394 937 3482 cenlsuerunt3
954 3398 1018 3480 ipsi
1036 3418 1128 3479 prae·
1148 3425 1169 3461 u-

118 3485 207 3549 sidiis
231 3487 316 3552 circa
339 3487 402 3552 duo
426 3485 571 3572 Aegypti
593 3508 728 3570 cornua,
752 3485 916 3550 Pelusium
938 3484 1128 3550 Parcthoni-
