2370 3960
274 195 471 247 mvnnsnm
488 194 653 248 essenos
671 196 710 247 vr
729 198 771 250 ιι.
791 198 834 248 ιο.
1010 194 1075 258 227

64 359 230 421 ouansque
253 338 366 402 urbem
385 337 551 423 ingressus
571 338 681 402 omnia
699 339 866 423 superiora
885 339 997 423 populi
1015 339 1078 404 Ro-

63 426 152 490 mani
184 425 293 490 debita
323 425 488 510 donanda,
517 426 700 490 litterarum
731 427 829 492 etiam
860 429 1077 492 monumentis

63 515 210 598 abolitis,
239 515 429 580 censuisset:
452 514 488 578 in
510 514 622 580 diebus
646 515 727 599 ipsis
749 515 823 580 fons
848 516 911 581 olei
934 516 1078 600 largissi-

61 625 143 688 mus,
168 603 252 668 sicut
275 604 422 687 superius
446 604 598 687 expressi,
622 602 660 669 de
683 604 819 668 taberna
837 605 1003 669 meritoria
1022 625 1078 688 per

10 710 48 750 sc
62 695 170 758 totum
199 691 284 756 diem
311 691 412 756 fluxit.
460 688 530 776 *quo
555 692 661 778 signo*
674 691 751 776 quid
774 691 956 757 euidentius
980 715 1078 776 quam

36 782 99 847 oin
123 781 237 846 diebus
262 779 504 855 Caesaristoto
529 781 606 845 orbe
629 781 795 866 regnantis
818 779 929 845 futura
952 778 1075 845 Christi

62 873 120 934 nat
106 870 218 934 tiuitas
247 869 410 934 declarata
439 869 510 933 est?
547 866 657 934 Christ
642 872 695 934 tus
724 870 810 933 enim
833 870 947 954 lingua
970 890 1033 954 gen
1034 871 1076 934 tis

62 959 140 1042 eius,
162 960 197 1023 in
220 980 285 1042 qua
307 961 341 1022 et
364 980 403 1022 ex
423 979 487 1042 qua
504 961 599 1022 natus
618 962 678 1041 est,
700 961 816 1023 unctus
835 958 1030 1040 interpretat
1031 981 1077 1022 ur.

61 1048 172 1150 itaque
196 1069 269 1112 cum
293 1068 331 1111 eo
354 1049 514 1130 tempore,
544 1068 607 1130 quo
632 1008 763 1111 Odesari
791 1050 949 1130 perpetua
977 1047 1077 1109 tribu·
1097 1061 1111 1108 7

23 1154 48 1194 10
61 1137 147 1201 nicia
169 1138 317 1220 potestas
340 1135 470 1199 decreta
494 1138 554 1218 est,
576 1126 713 1199 Romae
717 1133 792 1201 fons
812 1135 875 1201 olei
893 1156 1004 1218 per
970 1137 1020 1198 t
1022 1157 1076 1198 um

62 1225 147 1289 diem
176 1223 282 1288 fluxit:
312 1224 371 1288 sub
401 1223 564 1306 principat
564 1246 585 1287 u
549 1221 755 1289 thesaris
779 1222 1027 1307 Romanoque
1018 1246 1076 1287 1m·

61 1313 152 1397 perio
175 1335 244 1397 per
257 1315 307 1376 tot
308 1334 362 1375 um
382 1311 476 1396 diem,
497 1311 561 1377 hoc
580 1315 629 1376 est
647 1333 705 1395 per
724 1334 819 1379 omne
837 1312 1011 1378 Romanit
996 1315 1076 1376 t·em

60 1424 121 1487 pus
152 1401 295 1484 imperii,
327 1398 437 1465 Christ
423 1404 493 1464 tum
524 1405 557 1465 et
586 1423 625 1465 ex
652 1422 690 1466 eo
718 1399 839 1467 Christ
814 1405 937 1484 banos,
967 1400 999 1464 id
1028 1405 1077 1465 est

60 1493 194 1555 unctum
219 1493 317 1573 atque
341 1510 435 1553 exeo
455 1492 533 1553 unct
534 1511 580 1573 os,
603 1489 641 1553 de
660 1490 828 1554 meritoria
845 1490 991 1573 taberna,
1014 1489 1076 1554 hoe

21 1598 46 1639 ιι
62 1582 113 1642 est
135 1577 174 1641 de
197 1577 329 1660 hospita
351 1578 506 1662 largaque
528 1577 688 1661 Ecclesia,
717 1577 944 1642 affluentert
910 1581 1006 1661 atque
1030 1578 1077 1640 in-

60 1666 226 1733 cessabilit
227 1687 261 1761 er
289 1688 496 1749 processuros
519 1666 614 1729 restit
600 1665 799 1748 tuendosque
823 1687 880 1749 per
904 1663 1075 1729 Caesarem

61 1777 174 1820 omnes
195 1751 314 1836 ser'uos,
323 1755 389 1856 qui
407 1757 520 1818 tamen
538 1757 771 1838 cognoscerent
789 1753 954 1818 dominum
974 1776 1076 1836 suum,

60 1847 258 1927 ceterosque,
277 1843 415 1926 quisine
436 1843 567 1908 domino
585 1843 818 1925 inuenirentur,
838 1841 936 1906 morti
955 1841 1075 1924 suppli

60 1933 174 2016 cioque
185 1930 354 2032 dedendos,
364 1932 476 1996 remitt
463 1922 621 2015 etndaque
633 1929 838 1996 subCaesare
848 1929 937 1994 debit
923 1934 1076 2019 t·specca

19 2040 45 2079 ao
59 2021 197 2085 torum'
187 2042 222 2083 m
241 2041 280 2085 ea
298 2020 418 2103 urbe,
409 2042 444 2083 m
467 2041 531 2122 qua
554 2023 769 2103 spontaneum
792 2019 937 2083 fluxisset
960 2018 1076 2101 oleum,

61 2109 305 2173 euidentissima
328 2108 394 2192 his,
423 2108 478 2192 qui
501 2108 734 2210 prophetarum
757 2129 853 2173 uoces
876 2129 943 2172 non
967 2106 1075 2171 audie-

59 2198 151 2278 bant,
175 2198 270 2281 signa
292 2197 328 2262 in
351 2196 497 2262 caelot
465 2200 497 2260 et
519 2196 555 2260 in
577 2201 665 2261 terra
687 2196 836 2282 prodigia
854 2195 1074 2279 prodiderunt.

127 2285 239 2351 Tertio
272 2287 398 2369 autem,
435 2306 508 2350 cum
523 2285 653 2350 'urbem
685 2284 893 2368 triumphans
925 2282 1110 2369 ιιιιιιιιιιιιι8

60 2374 174 2439 consul
192 2374 358 2459 ingressus
378 2376 436 2457 est,
459 2395 498 2438 eo
518 2373 641 2438 scilicet
659 2373 720 2457 die,
738 2395 834 2457 quem
853 2394 952 2456 supra
970 2374 1074 2437 nomi-

20 2480 46 2522 ιι
59 2463 221 2544 nauimus,
244 2483 317 2526 cum
340 2465 373 2526 et
395 2460 511 2526 Ianum
534 2466 610 2545 post
632 2462 788 2527 ducentos
812 2482 914 2526 annos
934 2461 1075 2543 primum

58 2552 129 2635 ipsc
158 2551 275 2616 clausit
301 2553 334 2614 et
361 2549 577 2615 clarissimum
604 2549 683 2614 illud
708 2549 847 2634 Augusti
874 2569 992 2612 nomen
1021 2549 1074 2613 ad·

60 2639 212 2723 sumpsit,
248 2637 325 2722 quid
354 2638 481 2703 fidelius
512 2660 549 2703 ac
579 2638 686 2702 uerius
717 2637 804 2703 credi
835 2639 891 2701 aut
921 2638 1075 2720 cognosci

59 2730 180 2811 potest,
200 2727 466 2792 concurrentibus
482 2726 664 2791 adtentum
679 2725 977 2790 manifestationem
996 2747 1074 2810 pace

59 2816 192 2882 nomine
216 2815 276 2899 die,
300 2836 398 2899 quam
420 2815 507 2880 hunc
530 2815 657 2880 occulto
681 2815 809 2900 quidem
834 2816 1000 2900 gestorum
1024 2837 1074 2881 or·

20 2923 45 2962 ao
59 2903 133 2969 dine
158 2904 199 2969 ad
222 2904 415 2988 obsequium
433 2904 690 2987 praeparationis
711 2904 778 2968 eius
797 2903 1074 2988 praedestinatum

58 2993 169 3075 fuisse,
192 2993 247 3076 qui
266 3013 303 3057 eo
324 2991 384 3075 die,
408 3014 471 3076 quo
495 2992 551 3057 ille
575 2991 831 3057 manifestandus
854 2993 975 3057 mundo
998 2997 1075 3077 post

57 3081 227 3165 paululum
251 3084 370 3164 erat,e
371 3080 496 3164 tpacis
520 3081 651 3166 signum
674 3081 831 3166 praetulit
849 3086 882 3145 et
899 3084 1043 3164 potestat
994 3080 1072 3144 tatis

57 3191 177 3235 nomen
202 3168 405 3252 adsumpsit?

125 3258 210 3335 Quid
243 3281 284 3322 au
285 3262 352 3323 tem
383 3258 418 3321 in
452 3259 567 3340 quarto
600 3258 684 3322 redit
669 3261 720 3342 tu,
757 3280 829 3322 cum
861 3256 955 3320 finito
988 3253 1072 3320 Gan·
1092 3269 1107 3315 9

17 3364 43 3406 ⁸⁵
57 3348 184 3412 tabrico
225 3347 312 3412 bello
353 3346 539 3430 pacatisque
577 3347 727 3412 omnibus
764 3345 916 3430 gentibus
954 3341 1073 3407 Caesar

56 3437 171 3502 urbem
198 3435 342 3519 repetiit,
366 3434 406 3499 ad
430 3435 699 3515 contestationem
726 3433 811 3516 fidei,
841 3453 937 3516 quam
962 3454 1072 3515 expro-

57 3526 190 3604 mimus,
215 3527 322 3588 actum
346 3523 435 3607 sit,
425 3545 498 3607 1pso
521 3510 637 3589 melius
661 3522 772 3588 ordine
797 3520 988 3605 proferetur.

860 3622 912 3678 15*
