2370 3960
93 186 158 251 238
337 187 445 238 PAVLI
464 186 587 238 OROSlI
605 186 855 239 HISTORIARVM

93 336 156 415 est,
184 332 258 394 dum
282 351 339 414 per
363 329 545 414 duodecim,
573 334 610 394 ut
633 329 713 412 dixi,
741 349 845 395 annos
874 329 1005 394 clausae
1033 329 1105 394 belli

92 424 204 503 portae
228 419 419 483 beatissima
441 420 530 502 pacis
554 419 792 502 tranquillitate
816 417 1025 503 cohibentur,
1048 417 1106 483 Ga·

93 509 160 571 ium
189 510 340 590 nepotem
371 529 465 571 suum
494 505 613 572 Caesar
641 507 810 590 Augustus
823 551 826 555 -
841 505 881 570 ad
913 506 1106 572 ordinandas

58 596 238 681 5Aegypti
267 593 441 680 Syriaeque
469 595 654 678 prouincias
681 595 780 662 misit.
827 595 885 679 qui
909 595 1106 679 praeteriens

93 686 134 749 ab
159 685 310 769 Aegypto
333 685 416 748 fines
436 682 651 767 Palaestinae,
674 683 761 768 apud
780 682 1045 766 Hierosolymam
1069 680 1107 748 lin
1122 697 1178 746 ael

93 774 218 856 templo
238 772 299 837 Dei
318 777 396 837 tunc
414 777 526 839 sancto
551 776 584 838 et
606 772 725 838 celebri
749 774 885 837 adorare
904 772 1107 857 contempsit,
1131 787 1141 826 ⁶

94 864 178 927 sicut
197 860 368 927 Suetonius
389 861 597 945 Tranquillus
616 861 724 925 refert.
761 861 847 946 quod
866 859 1036 946 Augustus
1055 862 1109 926 ubi

93 974 151 1035 per
164 973 247 1014 eum
267 950 421 1034 conperit,
443 972 546 1034 prauo
566 971 644 1015 usus
662 949 780 1015 iudicio
799 949 977 1033 prudenter
994 950 1109 1015 fecisse

60 1040 250 1104 claudauit.
292 1040 401 1122 itaque
425 1060 510 1104 anno
533 1038 661 1122 imperii
685 1035 836 1103 Caesaris
860 1038 1109 1123 quadragesimo

95 1132 212 1194 octauo
242 1128 321 1191 adeo
351 1127 421 1191 dira
447 1126 614 1192 Romanos
642 1126 746 1191 fames
775 1131 948 1191 consecuta
976 1131 1041 1212 est,
1073 1130 1110 1192 ut
1122 1143 1144 1183 ιο

95 1215 214 1281 Caesar
237 1215 432 1279 lanistarum
453 1215 597 1280 familias
621 1236 795 1298 omnesque
817 1215 1021 1300 peregrinos,
1045 1237 1109 1281 ser·

95 1325 212 1368 uorum
241 1323 367 1386 quoque
397 1302 556 1367 maximas
587 1303 708 1387 copias,
739 1304 882 1387 exceptis
912 1303 1048 1369 medicis
1078 1308 1111 1368 et

93 1391 367 1474 praeceptoribus,
397 1391 485 1454 trudi
514 1391 593 1455 urbe
623 1391 832 1475 praeceperit.
877 1392 926 1456 ita
955 1397 1109 1475 peccante

93 1479 237 1564 principe
260 1478 295 1541 in
324 1483 470 1543 sanctum
493 1477 555 1544 Dei
583 1483 616 1544 et
643 1483 792 1564 correpto
819 1501 878 1564 per
905 1479 1026 1545 famem
1053 1503 1111 1565 po·

92 1570 167 1652 pulo
193 1568 410 1652 quantitatem
434 1568 621 1634 offensionis
642 1569 781 1654 qualitas
800 1569 935 1634 ultionis
955 1569 1108 1635 ostendit.
1125 1585 1149 1626 1⁵

59 1664 74 1712 7
94 1657 218 1741 deinde,
237 1661 274 1722 ut
293 1658 402 1723 uerbis
419 1656 547 1724 Corneli
561 1658 667 1723 Taciti
685 1658 809 1744 loquar,
829 1679 916 1746 sene
930 1657 1110 1743 Augusto

94 1747 212 1812 Ianus
243 1747 484 1832 patefactus,
514 1747 600 1812 dum
631 1747 732 1832 apud
761 1750 953 1814 extremos
986 1750 1111 1813 terra-

93 1860 175 1901 rum
206 1836 394 1900 terminos
423 1858 548 1901 nouae
579 1841 716 1922 gentes
748 1858 860 1920 saepe
891 1857 936 1900 ex
967 1852 1040 1900 usu
1072 1841 1112 1900 et

95 1925 308 2010 aliquando
341 1947 424 1989 cum
457 1925 593 1990 damno
627 1929 880 2009 quaeruntur,
911 1946 1031 2008 usque
1064 1925 1109 1988 ad

93 2013 325 2097 Vespasiani
353 2012 511 2077 durauit
538 2014 753 2097 imperium.
798 2013 965 2097 hucusque
989 2010 1107 2077 Ocrne·
1124 2029 1150 2069 20

57 2111 73 2158 8
94 2103 166 2165 lius.
203 2106 346 2165 ceterum
366 2103 398 2164 et
416 2103 495 2164 tunc
512 2105 608 2184 capta
626 2123 802 2186 auersaque
820 2102 900 2166 urbe
918 2100 1108 2185 Hierosoly·

91 2211 228 2270 morum,
253 2189 337 2251 sicut
354 2188 532 2272 prophetae
550 2191 869 2271 praenuntiauerunt,
894 2189 1109 2273 extinctisque

92 2277 219 2340 Iudaeis
235 2275 337 2358 Titus,
358 2276 413 2359 qui
432 2276 473 2340 ad
492 2277 722 2343 uindicandum
740 2277 874 2343 Domini
891 2277 966 2344 Iesu
985 2275 1109 2343 Christi

94 2365 286 2449 sanguinem
309 2364 428 2428 iudicio
451 2363 513 2428 Dei
535 2364 643 2430 fuerat
666 2367 843 2449 ordinatus,
865 2366 973 2432 uictor
995 2366 1108 2431 trium-

58 2454 199 2538 9phans
230 2475 302 2517 cum
331 2452 536 2536 Vespasiano
564 2458 658 2538 patre
690 2454 806 2520 Ianum
836 2455 962 2520 clausit.
1007 2454 1108 2540 igitur
1123 2471 1148 2511 2⁶

95 2543 156 2608 etsi
172 2545 231 2608 sub
247 2541 396 2605 extremis
411 2539 559 2606 Caesaris
574 2545 776 2627 temporibus
791 2546 922 2628 apertus
937 2547 987 2608 est
1000 2543 1109 2628 Ianus,

94 2635 204 2695 tamen
223 2653 280 2714 per
298 2630 401 2693 multa
420 2651 459 2692 ex
477 2651 515 2695 eo
533 2634 691 2716 tempora,
715 2633 863 2716 quamuis
882 2632 917 2696 in
938 2631 1108 2714 procinctu

42 2729 74 2777 10
94 2723 180 2783 esset
209 2717 381 2799 exercitus,
410 2717 502 2782 nulla
532 2719 620 2784 bella
652 2723 839 2785 sonuerunt.
888 2720 974 2782 unde
1006 2720 1105 2783 etiam

91 2805 251 2869 Dominus
275 2806 344 2888 ipse
366 2805 456 2869 Iesus
482 2804 631 2872 Christus
654 2808 689 2871 in
707 2805 907 2890 Euangeliis,
930 2825 1002 2867 cum
1025 2807 1106 2868 tem-

90 2893 223 2976 poribus
252 2892 317 2956 illis
345 2892 380 2956 in
407 2916 534 2958 summa
558 2894 798 2980 tranquillitate
820 2892 990 2955 uniuersus
1013 2912 1103 2954 mun·
1119 2910 1147 2950 ao

91 2982 150 3045 dus
179 2983 291 3065 ageret
318 2985 514 3065 cunctasque
546 2986 661 3065 gentes
688 3003 753 3066 pax
779 3002 844 3044 una
869 2978 996 3043 uelaret
1024 2983 1057 3044 et
1086 3003 1105 3045 a

92 3070 258 3153 discipulis
287 3068 352 3132 suis
380 3069 601 3153 interrogatus
625 3071 710 3134 esset
734 3068 772 3133 de
796 3068 1004 3134 conclusione
1026 3071 1106 3134 tem-

41 3173 72 3220 11
92 3182 208 3244 porum
232 3157 510 3242 subsequentium,
537 3159 623 3222 inter
646 3160 752 3223 cetera
776 3156 821 3222 sic
846 3158 904 3223 ait:
933 3158 1106 3224 audituri

93 3254 219 3314 autem
250 3247 345 3311 estis
375 3246 526 3329 proelia
557 3251 594 3310 et
624 3247 828 3330 opiniones
858 3248 1105 3332 proeliorum.

93 3335 230 3403 luidete
253 3359 298 3401 ne
322 3335 547 3420 turbemini;
576 3339 733 3419 oportet
756 3337 856 3402 enim
882 3337 977 3402 haec
999 3336 1103 3419 fieri,
1122 3353 1184 3402 ars

93 3429 158 3492 sed
181 3425 345 3491 nondum
369 3427 426 3488 est
448 3423 552 3488 finis.
588 3429 801 3510 consurget
825 3427 925 3490 enim
948 3445 1041 3510 gens
1064 3425 1145 3488 insa

92 3518 245 3599 gentem
277 3517 313 3578 et
342 3533 500 3598 regnum
527 3512 565 3576 in
593 3533 752 3597 regnum
780 3518 818 3578 et
845 3516 956 3579 erunt
982 3513 1103 3595 pesti-
