2370 3960
353 160 549 244 auvaasvrr
566 193 732 246 proauos
749 196 803 248 vn
821 198 845 249 e.
867 200 890 251 ι.
1053 193 1119 258 245

104 336 253 418 suerent·
277 334 333 399 sed
352 333 610 402 Christianorum
632 338 772 402 necessit
773 338 879 404 atibus
899 339 984 423 apud
1002 339 1118 404 Hiero·

104 383 265 506 solymam
306 428 443 489 connect
443 424 471 488 is
511 425 552 490 ab
589 425 741 511 Aegypto
779 426 951 492 frumentis
992 427 1117 493 Helena

103 511 348 576 Adiabenorum
366 513 480 598 regina
504 534 660 578 conuersa
683 514 724 579 ad
747 514 844 579 fidem
863 513 985 580 Christi
1004 517 1118 602 largis·

103 601 183 665 sime
207 599 418 665 ministrauit.

76 705 88 747 a
168 688 301 753 Anno
291 690 420 773 imperii
443 690 511 755 eius
535 691 649 775 quinto
671 693 756 756 inter
779 692 918 757 'Pheram
942 697 974 757 et
998 694 1116 758 Thera·
1139 703 1171 750 13

102 777 184 842 siam
212 777 320 842 insula
348 777 386 841 de
415 779 577 862 profundo
607 781 738 844 emicuit
768 781 906 865 triginta
936 783 1117 847 stadiorum

102 867 208 950 spatio
232 869 373 931 extenta.

168 954 267 1020 Anno
295 956 363 1019 eius
392 956 531 1039 septimo
563 957 622 1021 sub
653 960 861 1040 procuratore
890 957 1027 1022 Iudaeae
1056 956 1116 1022 Cu·
1138 971 1171 1018 ιι

100 1064 198 1108 mano
222 1043 257 1105 in
279 1041 516 1129 Hierosolymis
545 1047 637 1109 tanta
660 1045 774 1109 seditio
798 1045 833 1110 in
855 1045 966 1110 diebus
991 1067 1116 1130 azymo-

61 1149 172 1196 1orum
191 1135 306 1196 exorta
326 1135 384 1214 est,
407 1133 499 1197 utin
522 1136 690 1216 portarum
714 1135 802 1198 exitu
811 1134 946 1218 populo
970 1138 1116 1199 coartato

99 1220 240 1305 triginta
266 1221 358 1285 milia
380 1219 574 1285 Iudaeorum
602 1222 697 1286 caede
720 1225 886 1306 prostrata
909 1226 942 1288 et
964 1245 1116 1307 conpres-

100 1309 190 1373 sione
215 1309 373 1373 suffocata
395 1309 587 1373 referantur.

165 1397 265 1462 Anno
293 1398 450 1462 eiusdem
441 1419 550 1462 nono
578 1399 728 1482 expulsos
756 1422 814 1484 per
837 1397 1008 1465 Claudium
1036 1401 1115 1466 urbe
1137 1411 1168 1460 15

98 1484 236 1550 Iudaeos
258 1484 416 1569 Iosephus
439 1485 547 1551 refert.
585 1487 640 1551 sed
660 1509 710 1552 me
730 1488 835 1573 magis
854 1486 932 1553 Suet
918 1490 1027 1553 tonius
1047 1511 1115 1554 mo-

59 1577 168 1658 1⁶uet
197 1574 252 1658 qui
281 1574 328 1638 ait
354 1573 417 1640 hoc
439 1575 549 1640 modo
580 1575 763 1641 Claudius
793 1575 957 1641 Iudaeos
988 1578 1114 1660 inpul-

98 1684 186 1728 sore
215 1660 375 1728 Christo
403 1663 562 1728 adsidue
590 1654 875 1728 tumultuantes
904 1664 1023 1729 Roma
1054 1688 1115 1729 ex

97 1751 213 1837 pulit3
250 1751 410 1834 quod,u
388 1755 496 1817 utrum
529 1754 606 1816 cont
606 1773 644 1816 ra
677 1749 843 1816 Christum
875 1753 996 1816 tumult
983 1756 1112 1818 tuentes
1135 1765 1166 1813 16

97 1802 236 1905 Iudaeds
251 1838 415 1905 coherceri
430 1844 463 1904 et
477 1840 636 1923 conprimi
649 1840 789 1922 iusserit,
804 1861 846 1904 an
860 1841 959 1904 etiam
975 1839 1113 1905 Christi·

98 1948 178 1993 anos
203 1927 301 1993 simul
323 1929 414 1993 uelut
436 1932 594 2014 cognatae
612 1890 789 2015 religionis
801 1928 949 1994 homines
970 1929 1109 1993 uoluerit

57 2022 84 2074 so
97 2017 230 2101 expelli,
252 2037 458 2102 nequaquam
481 2018 681 2083 discernitur.

165 2104 397 2171 Verumtamen
430 2106 578 2189 sequenti
610 2109 823 2171 annotante
854 2106 957 2171 fames
989 2105 1111 2171 Romae
1133 2118 1165 2167 ιι

10 2220 28 2258 ι
42 2211 84 2251 4⁷⁰
97 2193 170 2277 fuit,
192 2197 230 2277 ut
247 2194 354 2260 medio
377 2194 449 2260 foro
467 2195 646 2278 imperator
664 2198 830 2278 correptus
850 2218 870 2260 a
888 2196 1010 2279 populo
1032 2192 1111 2260 lcon-

97 2281 190 2347 uioiis
209 2285 243 2347 ct
259 2282 475 2368 fragminibus
494 2283 588 2366 panis
607 2282 792 2368 turpissime
811 2282 992 2368 infestatus
1017 2305 1113 2368 aegre

96 2391 155 2455 per
182 2371 474 2456 pseudothyrum
465 2393 498 2434 m
521 2369 683 2436 Palatium
710 2371 872 2456 refugiens
895 2371 1037 2436 furorem
1061 2395 1112 2436 ex-

56 2460 218 2524 recitatae
240 2458 344 2544 plebis
368 2461 516 2525 euaserit.

164 2546 271 2613 Paruo
287 2551 396 2613 autem
409 2547 627 2613 intercedente
645 2550 791 2631 tempore
809 2547 947 2632 triginta
966 2552 999 2610 et
1017 2547 1109 2630 quin·
1130 2558 1163 2608 18

96 2656 160 2720 que
197 2638 364 2702 senatores
396 2640 429 2702 et
460 2639 623 2701 trecentos
656 2636 753 2700 simul
786 2636 911 2720 equites
943 2634 1110 2700 Romanos

97 2725 239 2789 minimis
257 2725 363 2790 causis
383 2724 588 2790 interfecit·
551 2746 648 2808 ‚1psc
668 2728 775 2788 autem
795 2723 974 2789 manifestis
993 2725 1111 2788 ueneni

57 2917 83 2958 ιι
97 2812 275 2966 Βὶςῃιειιιιι)ὲ
290 2816 454 2967 dlioiiruhld
468 2898 597 2966 coridita
624 2917 781 2967 Dcccvm
808 2899 896 2966 Nero
920 2897 1041 2966 Caesar
1069 2903 1110 2967 ab
1130 2907 1144 2961 7

96 2989 248 3074 Augusto
276 2990 408 3092 quintus
436 2990 655 3075 principatum
682 2988 779 3074 adept
780 3012 817 3054 us
847 2992 898 3054 est
928 2991 1048 3054 mansit
1049 3012 1110 3074 que

95 3078 131 3142 in
155 3099 193 3143 eo
217 3079 312 3143 annis
335 3099 402 3144 non
424 3079 529 3163 plenis
552 3082 645 3181 quatt
631 3078 820 3143 tuordccim.
857 3076 917 3142 Gai
942 3076 1109 3160 Caligulae

11 3183 81 3231 2⁴⁷1
97 3167 251 3232 auunculi
283 3166 335 3231 sui
367 3187 446 3253 erga
479 3167 589 3232 omnia
624 3163 713 3231 luitia
745 3189 783 3231 ac
815 3167 935 3230 scelera
968 3168 1110 3229 sectator

94 3255 195 3320 immo
227 3258 468 3341 transgressor,
499 3254 716 3338 petulantiam
748 3254 916 3319 libidinem
948 3253 1109 3316 luxuriam

55 3360 81 3401 ιι
96 3343 271 3408 auaritiam
294 3342 519 3409 crudelitatem
541 3342 633 3408 nullo
656 3365 723 3408 non
747 3343 864 3407 scelere
888 3342 1040 3423 exercuit3
1066 3341 1109 3404 si-

95 3431 226 3516 quidem
261 3431 444 3516 petulantia
475 3431 616 3513 percitus
649 3431 758 3496 omnia
789 3450 891 3514 paene
923 3427 1037 3493 Italiae
1071 3451 1108 3494 ac

95 3517 251 3587 Graeciae
278 3519 409 3586 theatra
437 3519 652 3604 perlustrans,
688 3519 860 3601 adsumpto
893 3517 991 3583 etiam
1024 3519 1109 3582 uarii
