2370 3960
107 182 173 246 226
356 183 463 233 Pam
481 182 605 233 onosn
622 183 871 233 HISTORIARVM

76 339 88 383 l
109 348 256 410 praeesse
265 347 332 390 non
340 325 523 388 erubuerat.
551 325 666 389 debinc
676 322 796 390 Caesar
804 323 1012 410 pedestribus
1021 324 1116 410 copiis

108 419 141 479 in
159 415 285 497 Syriam
304 414 406 496 uenit,
426 413 541 478 deinde
558 414 593 477 ιιι
615 414 729 478 Asiam
747 414 788 478 ad
807 413 944 477 hiberna
962 414 1117 478 concessit

108 525 144 567 ac
167 510 242 586 post
264 523 323 586 per
345 501 516 566 Graeciam
539 502 747 566 Brundisium
769 505 940 585 peruectus
965 506 1025 566 est

72 597 94 650 o
176 592 273 655 Anno
305 591 347 655 ab
379 591 458 655 urbe
489 591 619 656 condita
646 609 788 656 nccxxv
818 593 892 675 ipso
923 591 1117 673 imperatore

108 678 247 744 Caesare
275 681 426 765 Augusto
454 680 623 763 quinquies
649 683 683 744 et
705 679 740 743 L
764 679 904 764 Apuleio
932 679 1151 744 consulibus⁵

108 768 229 834 Caesar
255 770 361 834 uictor
389 769 431 834 ab
460 770 584 833 oriente
606 768 748 851 rediens,
773 787 838 833 vm
858 767 932 832 idus
954 767 1119 832 Ianuarias

108 860 222 923 urbem
245 858 367 943 triplici
389 857 554 941 triumpho
572 857 738 942 ingressus
756 860 808 921 est
825 877 866 921 ac
883 859 962 920 tunc
980 857 1120 939 primum

109 950 178 1033 ipse
203 949 273 1012 lani
300 951 414 1031 portas
441 947 557 1030 sopitis
584 947 747 1048 libitisque
777 943 934 1010 lomnibus
958 945 1055 1009 bellis
1078 945 1118 1008 ci·
1136 974 1153 1010 ι
1164 959 1184 998 44

74 1047 91 1094 2
112 1039 231 1102 uilibus
251 1037 376 1101 clausit
408 1036 471 1100 boc
490 1035 541 1099 die
559 1036 700 1120 primum
712 1034 879 1119 Augustus
898 1033 1120 1099 consalutatus

111 1131 174 1191 est·
167 1125 283 1211 ,qnod
301 1146 432 1225 nomen,
453 1125 577 1189 cunctis
601 1128 699 1189 antea
721 1122 942 1204 [inuiolatum]
966 1127 1001 1185 et
1022 1141 1122 1205 usqne
1135 1139 1157 1178 lo

112 1217 152 1280 ad
175 1236 259 1277 nunc
283 1213 432 1276 ceteris
422 1234 573 1276 mausum
596 1211 748 1294 dominis,
770 1215 920 1305 tantum
922 1210 1013 1275 orbis
1035 1211 1122 1275 licite

120 1306 310 1383 usurpatum
338 1301 462 1382 apicem
491 1299 668 1363 declarat
657 1301 799 1383 imperii,
827 1276 923 1383 atque
947 1321 986 1363 ex
1010 1299 1158 1364 eodemr

111 1391 162 1452 die
197 1409 322 1451 summa
354 1408 460 1450 rerum
492 1408 530 1450 ac
561 1390 761 1471 potestatum
791 1409 891 1472 penes
920 1410 1022 1452 unum
1052 1409 1122 1451 esse

111 1476 218 1558 coepit
240 1478 273 1537 et
295 1475 424 1557 mansit,
447 1474 533 1558 quod
558 1475 672 1541 Graeci
694 1477 915 1541 monarchiam
939 1478 1069 1540 uocant.

73 1575 90 1621 3
175 1563 276 1627 Porro
301 1567 410 1627 autem
431 1563 516 1627 hune
540 1585 610 1627 esse
633 1565 769 1629 eundem
792 1565 886 1647 diem,
909 1565 971 1629 hoc
989 1567 1040 1628 est
1058 1582 1122 1628 vm
1136 1582 1160 1621 15

109 1653 180 1716 idus
204 1651 382 1734 lanuarias,
405 1673 468 1735 quo
491 1674 551 1717 nos
573 1651 769 1737 Epiphania,
792 1653 854 1718 hoc
876 1656 927 1716 est
948 1652 1122 1736 apparitio

109 1763 183 1804 nem
204 1740 272 1803 siue
291 1741 588 1805 manifestationem
607 1740 770 1806 Dominici
790 1742 993 1824 sacramenti,
1015 1741 1123 1806 obser-

109 1851 233 1911 uamus,
255 1850 351 1893 nemo
371 1829 568 1894 credentium
591 1830 660 1894 sine
684 1831 782 1894 etiam
805 1830 880 1892 fidei
903 1829 1122 1894 contradicen-

73 1919 190 1981 4tium
225 1917 337 1981 nescit
383 1917 421 1980 de
452 1938 515 1999 quo
544 1922 675 1982 nostrae
704 1918 799 1982 istius
830 1917 1036 1981 fidelissimae
1066 1918 1122 1982 ob·

112 2005 308 2069 seruationis
337 2009 539 2070 sacramento
567 2006 698 2069 uberius
720 2026 807 2069 nunc
830 2005 935 2069 dicere
957 2026 1016 2069 nec
1039 2007 1122 2070 ratio
1136 2024 1160 2062 2⁰

109 2115 168 2157 nec
200 2094 289 2156 locus
319 2092 459 2176 flagitat,
488 2098 525 2156 ut
555 2097 588 2156 et
618 2094 847 2177 quaerentibus
877 2115 1061 2158 reseruasse
1091 2099 1124 2157 et

110 2181 359 2264 neglegentibus
391 2201 457 2245 non
489 2181 663 2264 ingessisse
694 2181 870 2246 uideamur.
920 2182 982 2246 hoc
1014 2186 1122 2247 autem

109 2269 247 2332 fideliter
275 2289 542 2333 commemorasse
570 2269 641 2332 ideo
669 2291 730 2352 par
755 2269 832 2351 fuit,
861 2273 899 2334 ut
928 2291 987 2353 per
1014 2271 1124 2334 omnia

109 2358 238 2421 uenturi
256 2355 379 2421 Christi
402 2356 509 2440 gratia
530 2361 761 2440 praeparatum
780 2354 929 2422 Caesaris
950 2359 1123 2442 imperium

110 2447 335 2529 conprobetur.
1136 2464 1161 2505 aa

74 2542 89 2590 5
178 2535 262 2598 Nam
286 2554 357 2598 cum
381 2533 531 2615 primum,
555 2531 590 2597 C.
610 2532 748 2599 Caesare
766 2535 926 2598 auunculo
946 2556 1004 2599 suo
1024 2535 1123 2600 inter·

110 2622 208 2704 fecto,
238 2645 276 2685 ex
299 2621 474 2703 Apollonia
496 2622 622 2686 rediens
646 2623 760 2686 urbem
782 2623 1017 2704 ingrederetur,
1040 2624 1123 2688 hora

109 2711 236 2773 circiter
263 2709 361 2772 tertia
384 2712 513 2791 repente
536 2710 657 2792 liquido
682 2731 720 2774 ac
742 2731 823 2794 puro
847 2730 959 2772 sereno
983 2711 1122 2776 circulus

109 2797 149 2858 ad
175 2797 313 2877 speeiem
337 2797 485 2860 caelestis
509 2819 601 2860 arcus
625 2798 737 2861 orbem
765 2796 842 2859 solis
870 2795 997 2875 ambiit,
1026 2800 1122 2878 quasi

109 2904 180 2945 eum
211 2904 312 2945 unum
341 2904 379 2945 ac
408 2884 612 2966 potissimum
642 2885 676 2947 in
708 2883 769 2946 hoc
799 2881 918 2944 mundo
949 2882 1120 2966 solumque
1136 2908 1164 2946 ιο

109 2970 322 3033 clarissimum
350 2971 384 3032 in
414 2971 491 3034 orbe
519 2973 728 3050 monstraret,
754 2969 845 3032 euius
873 2972 1019 3052 tempore
1043 2992 1120 3035 uen-

108 3060 200 3121 turus
225 3061 319 3140 esset,
342 3057 396 3141 qui
419 3058 525 3139 ipsum
545 3058 646 3121 solem
666 3056 754 3120 solus
775 3056 994 3140 mundumque
1012 3061 1064 3124 tot
1049 3063 1120 3125 tum

111 3150 143 3209 et
165 3146 351 3209 fecissetet
337 3148 509 3228 ttregere

74 3245 89 3292 6
177 3233 300 3297 Deinde
324 3254 396 3297 cum
415 3231 595 3313 secundo,
585 3253 620 3294 1n
639 3229 750 3295 Sicilia
768 3234 906 3316 receptis
926 3257 945 3298 a
963 3234 1119 3320 Pompeio

109 3321 292 3405 etLepido
323 3319 518 3406 legionibus,
553 3337 625 3382 xxx
655 3319 747 3382 milia
780 3342 947 3387 seruorum
979 3323 1118 3387 dominis
1134 3345 1161 3384 aa

109 3410 306 3474 restituisset
334 3412 367 3473 et
390 3407 602 3493 quadraginta
626 3410 658 3470 et
682 3411 836 3491 quattuor
859 3410 1003 3494 legiones
1027 3410 1117 3473 solus

107 3495 244 3576 imperio
274 3519 331 3562 suo
360 3497 400 3562 ad
429 3499 575 3561 tutamen
603 3494 689 3558 orbis
717 3499 876 3560 terrarum
899 3494 1119 3561 distribuisset
