2370 3960
84 189 123 238 VI
181 232 183 237 ,
495 187 697 239 PRAEFATIO

81 353 196 414 gamus,
242 335 286 393 Eo
320 333 438 394 cautius
468 337 571 393 autem
598 335 630 393 in
657 337 713 393 hoo
742 334 887 410 scriptore
914 336 1098 395 uersandum

82 427 141 500 est,
162 423 241 501 quod
259 423 381 498 praeter
400 441 567 482 sermonem
587 422 645 483 sibi
663 423 818 499 proprium
835 425 883 483 tot
901 424 964 482 fere
983 424 1100 484 dicendi

82 531 194 589 genera
222 511 355 588 exhibet,
383 514 457 587 quot
483 513 620 570 auctores
648 512 832 588 compilauit.
877 512 990 591 Pauca,
1022 532 1098 591 quae

81 600 114 659 in
133 601 188 660 hac
211 599 342 660 editione
366 600 512 659 mutanda
530 601 610 674 duxi,
628 600 707 659 infra
725 601 899 662 memoraui.
938 602 1100 661 Praeterea

81 707 154 749 usus
184 707 250 747 sum
278 689 368 749 huius
393 687 588 764 praefationis
617 690 843 765 opportunitate
866 690 905 748 ad
928 691 1098 750 adnotanda

82 777 238 855 quaedam,
262 797 338 853 quae
360 795 416 854 per
433 776 487 836 hos
508 781 623 852 septem
642 797 734 838 annos
754 797 772 838 a
790 797 838 837 me
855 779 921 854 ipso
936 779 1098 839 obseruata

81 867 153 926 sunt
175 867 226 924 uel
249 867 287 925 ab
311 865 378 926 aliis
403 865 565 925 obseruata
587 866 661 925 mihi
679 867 883 928 innotuerunt.
919 867 955 926 In
974 866 1016 927 eis
1036 869 1097 927 elu-

80 959 149 1015 cent
166 957 257 1014 notae
271 955 386 1030 aliquot
398 952 530 1014 inedItae
544 953 583 1014 ad
597 956 812 1034 geographiam
827 955 1003 1016 Orosianam
1019 948 1047 1038 (Ι
1063 951 1097 1038 2)

80 1046 260 1122 spectantes,
275 1062 349 1118 quas
363 1042 540 1102 Alfredus
560 1044 600 1102 de
616 1043 842 1119 Gutschmid,
858 1045 968 1105 litteris
987 1047 1098 1106 nostris

80 1151 178 1209 nuper
201 1134 333 1209 ereptuS,
357 1149 473 1190 mecum
497 1149 575 1191 anno
596 1134 681 1192 1882
706 1133 945 1193 communicauit.

147 1221 195 1279 11
221 1218 301 1295 513
326 1217 543 1296 monstramus]
582 1220 648 1280 Hoc
671 1221 795 1294 retinui,
818 1223 888 1296 quia
910 1222 1014 1298 paullo
1037 1243 1099 1282 me·

82 1310 158 1368 liora
186 1308 360 1369 testimonio
387 1308 527 1368 firmatur
554 1312 586 1369 et
608 1311 671 1368 tam
699 1313 803 1386 aptum
832 1312 879 1368 est
906 1328 997 1386 quam
1019 1328 1099 1370 moa

80 1401 241 1459 circuimus
255 1391 306 1478 (cf.
317 1416 361 1459 ex.
376 1416 429 1474 gr,
445 1398 471 1456 si
484 1401 586 1458 tamen
600 1399 735 1474 exemplo
749 1415 824 1474 opus
840 1399 895 1472 est,
908 1416 1099 1461 commorans

80 1479 282 1566 1V5510).
318 1486 356 1545 In
378 1490 508 1563 utraque
530 1507 564 1548 re
587 1487 702 1546 errauit
725 1485 914 1546 Goldbacher
931 1487 1100 1562 Zettscluc'ft

79 1578 132 1650 fctr
155 1575 261 1650 Gyaro.
285 1566 392 1656 (Wc'ec
416 1567 517 1656 1883)
540 1597 568 1652 p.
590 1576 663 1638 107.

147 1664 196 1724 Ι2
222 1661 278 1739 51
311 1657 534 1740 ‘triquadrum'
566 1665 585 1725 i.
605 1683 632 1728 8.
663 1665 763 1725 tribus
796 1665 918 1742 quadris
950 1668 1098 1744 constans,

80 1752 159 1829 quod
174 1752 316 1812 Orosium
339 1753 493 1832 scripsisse
518 1773 623 1816 censeo
648 1745 699 1836 (cf.
719 1755 763 1814 ed.
783 1755 852 1814 mai.
869 1776 898 1830 p.
916 1748 1099 1836 XXXVIII),

78 1845 160 1901 reete
192 1841 341 1902 intellexit
367 1842 428 1903 iam
455 1843 648 1904 Ekkehartue
672 1843 725 1904 IV.
770 1844 801 1902 Is
834 1843 912 1902 enirn
939 1843 971 1900 In
998 1844 1099 1903 codice

80 1930 270 2006 Sangallensi
293 1952 321 2006 p.
343 1933 383 1990 35
414 1932 451 1991 ad
479 1932 578 1991 locum
605 1931 778 2005 mappulam
801 1930 906 1988 rudem
935 1929 1099 1990 delineauit

80 2020 144 2079 fere
167 2019 273 2078 talem:

81 2639 233 2715 adscripta
270 2636 467 2714 explicatione
499 2638 568 2699 hac:
608 2640 624 2697 1
659 2643 738 2716 usin,
776 2642 794 2700 2
829 2658 950 2713 europa,
988 2643 1007 2699 3
1037 2641 1098 2712 ofin

80 2730 256 2788 rocenac.

146 2816 195 2876 Ι2
221 2814 240 2891 5
265 2817 283 2876 5
307 2812 546 2892 Rhobascorum]
577 2814 748 2876 musanus
771 2834 814 2874 na
839 2813 1098 2874 (1888888811-

83 2905 154 2966 teris
180 2907 208 2964 6.
227 2905 290 2964 Ian.
308 2906 393 2965 1882
423 2904 459 2964 ad
487 2923 536 2964 me
566 2905 645 2964 datis
669 2894 927 2964 ‘Rhoboscorum'
954 2901 1097 2977 recipien-

81 2993 154 3054 dum
172 3011 237 3054 esse
256 2994 374 3055 censuit
394 2993 440 3054 his
459 3012 533 3054 usus
552 2994 666 3053 uerbis:
691 2993 899 3071 „Ptolemaeus
918 2991 998 3050 1115
1020 2988 1039 3066 5
1056 2992 1097 3050 22

82 3079 274 3159 [18118811]
303 3083 358 3141 hat
384 3083 449 3141 hier
476 3082 530 3142 das
552 3081 634 3142 Volk
661 3082 714 3141 der
737 3083 917 3162 Βοροῦσκοι,
944 3080 999 3139 hat
1026 3080 1099 3139 aher

82 3170 126 3229 VI
147 3173 188 3230 14
221 3169 303 3246 519
336 3170 384 3231 die
416 3171 578 3231 Doublette
606 3166 764 3250 Ῥοβόσκοι,
797 3189 860 3230 was
892 3169 1003 3246 richtIg
1035 3170 1099 3229 sein

81 3253 185 3321 uird.“
230 3259 275 3319 uf.
292 3259 421 3320 Mueller
444 3259 483 3320 ad
505 3259 583 3321 Ptol.
605 3260 700 3320 8811
722 3281 751 3336 p.
766 3260 840 3320 428.

148 3347 165 3408 Ι
184 3350 203 3408 2
227 3345 248 3424 5
268 3351 309 3410 23
333 3345 468 3428 Degusa]
493 3348 713 3410 Guusoxanmo
737 3341 888 3407 ‘Dacusa’
911 3346 1032 3407 uidetur
1054 3362 1100 3402 re-

83 3435 254 3513 cipiendum
282 3456 362 3515 esse,
389 3438 499 3516 quippe
521 3436 602 3514 quod
623 3437 747 3514 propius
770 3436 893 3497 accedat
915 3435 953 3494 ad
971 3435 1100 3493 formam

79 3517 249 3588 ‘Dascusa'
278 3527 372 3588 Plinii
397 3527 475 3589 nh.
496 3526 526 3587 V
548 3525 568 3604 5
587 3527 629 3588 84
658 3529 689 3588 et
711 3526 756 3586 VI
778 3523 869 3602 521.
905 3553 942 3566 -
977 3521 1100 3580 Retinui
