2370 3960
99 182 164 246 162
278 232 286 247 ,
335 142 450 236 'alvu
468 184 591 236 oaosn
608 184 858 265 maronianum

98 327 272 392 suscitatus
302 326 412 410 puluis
442 327 568 393 caelum
599 327 830 410 subtexuerit·
844 326 928 391 diem
961 325 1117 390 ademerit

96 418 291 498 noctemque
319 414 504 500 obduxerit,
533 419 645 481 tantus
675 421 783 480 autem
812 416 953 480 telorum
984 413 1115 479 nimbus

99 503 338 605 ingrueritpnt
364 505 457 606 nulla
472 526 559 589 pars
587 504 738 606 corporis,
760 504 800 569 ab
828 504 895 606 ictu
922 505 1001 604 tuta,
1021 507 1117 586 esset,

98 592 1144 764 atleteteututaretur}mutemur.

47 773 79 821 12
99 768 250 833 titudinis
273 768 392 835 deerat.
437 790 496 833 nec
519 769 691 835 laborabat
712 790 810 855 eques
832 768 965 834 Maurus
988 789 1026 832 ac
1048 767 1117 832 Nu·

100 857 202 942 mida,
226 862 263 922 ut
285 858 368 923 bene
391 858 595 924 conlocatum
617 857 748 924 hostem
772 860 954 942 opportuno
976 856 1044 920 teli·
1057 855 1116 920 im·

37 946 42 955 ’
99 950 178 1029 petu
201 947 382 1030 rimaretur,
407 947 462 1011 sed
485 947 596 1030 potius
618 946 653 1011 in
676 947 834 1012 incertum
857 946 925 1031 pila
942 945 1118 1010 mittebant

99 1036 180 1099 certi
209 1035 294 1118 quod
321 1035 457 1100 uulnera
484 1036 608 1101 incerta
630 1057 698 1101 non
720 1039 840 1101 essent.
885 1036 933 1099 ita
956 1035 1059 1099 coacti
1082 1034 1118 1097 in

99 1144 201 1187 unum
232 1122 374 1191 Romani
405 1124 531 1208 pedites
565 1123 794 1190 densabantur.
843 1122 1116 1206 intercapedinem
1132 1143 1158 1182 10

50 1216 83 1265 13
103 1212 186 1275 tanti
213 1211 349 1296 periculi
376 1233 441 1278 nox
464 1212 685 1278 interueniens
709 1211 806 1277 dedit.
851 1211 964 1276 eadem
985 1214 1117 1293 postera

47 1330 50 1335 ·
100 1299 152 1362 die
185 1303 217 1364 et
246 1300 323 1365 belli
354 1304 387 1366 et
416 1301 552 1385 periculi
581 1301 696 1367 facies:
725 1321 892 1383 erumpere
921 1300 956 1364 in
986 1299 1116 1363 hostem

101 1389 250 1470 quamuis
270 1389 383 1454 stricto
401 1390 495 1455 miles
515 1389 623 1474 gladio
640 1410 708 1454 non
724 1389 864 1471 ualebat,
886 1388 1010 1452 eminus
1029 1387 1116 1450 enim

97 1476 212 1541 iaculis
227 1478 460 1564 repellebatur3
478 1479 591 1564 fugere
608 1500 675 1543 non
692 1480 853 1563 poterant,
870 1475 1010 1561 undique
1029 1475 1116 1539 enim

47 1571 81 1620 14
99 1566 243 1631 uelocior
258 1567 299 1632 ad
317 1568 575 1652 persequendum
593 1588 690 1652 eques
708 1562 901 1632 inleluserat.
933 1565 1000 1630 iam
1019 1564 1181 1631 tertiana

100 1653 181 1719 dies·
195 1658 228 1720 et
250 1656 377 1721 nullum
399 1657 621 1740 undecumque
638 1655 854 1748 suffragium,
880 1654 950 1719 dira
976 1653 1119 1736 undique
1133 1673 1159 1712 re

100 1745 216 1808 mortis
240 1743 340 1810 facies
364 1745 581 1812 obiciebatur:
604 1744 736 1812 tandem
759 1743 1019 1810 Mariusconsul
1040 1740 1120 1807 forti

100 1833 327 1917 desperatione
356 1835 425 1918 spei
452 1836 541 1901 uiam
568 1835 659 1918 fecit,
685 1834 837 1899 uniuerso
865 1832 962 1896 simul
990 1830 1119 1914 agmine

102 1923 254 2004 prorupit
272 1944 289 1985 e
308 1923 395 1986 uallo
415 1942 592 2006 campoque
611 1943 681 1986 sese
705 1921 800 1985 simul
824 1922 856 1984 et
878 1919 1003 2000 proelio
1022 1918 1118 1981 dedit.

51 2023 84 2070 15
104 2012 138 2070 et
167 2031 239 2071 cum
266 2010 387 2072 iterum
416 2008 599 2074 circumfusi
626 2008 736 2072 hostes
758 2027 825 2070 non
848 2005 953 2069 solum
977 2005 1117 2088 agminis
1132 2025 1159 2065 20

104 2098 250 2157 extrema
273 2096 443 2177 laniarent,
467 2117 579 2161 uerum
603 2094 702 2157 etiam
719 2093 825 2157 media
843 2091 985 2156 excussis
1004 2093 1116 2173 procul

97 2181 173 2243 telis
207 2181 378 2246 caederent
410 2183 622 2263 turbatosque
653 2179 819 2244 Romanos
850 2179 983 2263 insuper
1016 2178 1115 2244 etiam

98 2270 208 2332 aestus
241 2269 336 2352 solis,
368 2269 577 2334 intolerantia
609 2267 695 2352 sitis,
726 2266 840 2332 mortis
872 2267 1117 2332 circumstantia

96 2378 199 2439 usque
229 2357 269 2421 ad
301 2359 480 2421 extremum
509 2354 743 2440 desperationis
773 2355 978 2442 defatigaret,
1007 2357 1115 2422 subito

98 2448 214 2510 notum
237 2444 317 2510 illud
341 2443 562 2511 Romanorum
584 2445 748 2511 aduersus
763 2444 862 2511 Atros
882 2449 1115 2529 tempestatum
1130 2464 1156 2505 aa

98 2533 316 2618 imbriumque
335 2533 526 2617 suffragium
544 2535 634 2600 caelo
652 2535 790 2601 missum
808 2535 994 2620 insperatae
1019 2535 1117 2599 saluti

48 2631 80 2679 16
99 2622 171 2686 fuit.
218 2621 377 2706 siquidem
405 2623 576 2705 repentina
604 2624 717 2707 pluuia
746 2623 930 2689 sitientibus
959 2622 1117 2688 Romanis

97 2714 130 2773 et
154 2710 378 2774 aestuantibus
400 2710 606 2795 refrigerium
628 2716 804 2795 potumque
826 2711 989 2794 praebuit,
1016 2733 1116 2793 porro

97 2800 204 2861 alitem
219 2797 371 2862 Numidis
390 2797 525 2864 hastilia
543 2799 693 2882 telorum,
710 2820 794 2881 quae
811 2819 911 2862 manu
928 2798 1116 2881 intorquere

96 2885 166 2948 sine
190 2887 363 2950 eminentis
387 2887 504 2970 solent,
526 2885 651 2951 lubrica
673 2907 711 2950 ac
733 2906 791 2970 per
813 2884 875 2950 hoc
898 2884 1027 2949 inutilia.
1045 2887 1114 2950 red·
1128 2906 1155 2946 eo

46 2983 77 3032 17
97 2971 193 3055 didit3
219 2978 311 3037 scuta
329 2974 438 3058 etiam,
461 2996 545 3060 quae
568 2972 733 3057 elephanti
750 2972 839 3038 corio
862 2975 993 3038 extento
1017 2977 1115 3060 atque

97 3060 213 3126 darneto
242 3060 367 3127 babilis
393 3068 427 3128 et
453 3066 526 3128 tuta
553 3060 727 3148 gestabant
751 3096 790 3107 ·-
816 3061 907 3126 cuius
935 3084 975 3127 ea
997 3067 1117 3129 natura

99 3155 158 3227 ost,
182 3154 219 3215 ut
241 3154 408 3235 acceptum
431 3150 569 3216 imbrem
591 3153 759 3234 tamquam
782 3149 920 3236 spongia
942 3152 1055 3217 ebibat
1078 3174 1116 3217 ac

98 3261 154 3323 par
185 3239 245 3305 boc
277 3238 481 3305 intractabile
510 3237 680 3321 repentino
710 3237 853 3322 pondere
882 3239 942 3303 fiat
966 3275 1012 3286 —
1039 3241 1116 3324 quia

97 3328 377 3394 similutudine
404 3330 553 3410 uterus,
570 3325 743 3391 defendere
756 3328 981 3412 nequiuerunt
1011 3329 1060 3391 ita
1074 3350 1113 3392 ex
1127 3346 1154 3387 ³⁵

97 3416 263 3499 insperato
285 3348 487 3483 conturbatis
510 3413 739 3499 destitutisque
757 3413 880 3480 Mauris
903 3437 940 3479 ec
962 3413 1114 3480 Numidis

44 3515 76 3565 ts
97 3500 245 3570 lteuelrus
273 3526 312 3572 ac.
339 3502 500 3593 luglrrtba
531 3502 694 3589 fugerunt.
739 3508 816 3588 post
843 3503 905 3568 hoc
931 3503 1115 3588 nonaginta
