2370 3960
86 194 150 261 100
336 191 444 242 Pam
462 189 586 240 OROSII
603 189 852 240 fflsrofflrrvrl

84 343 212 423 putent,
235 356 302 399 non
323 336 433 396 tamen
457 333 600 413 corticeo,
622 335 659 393 ut
682 331 780 393 etiam
803 329 957 392 adserunt
980 349 1099 411 conpa-

51 441 65 488 τ
85 425 186 490 rande
211 423 373 506 grauiora.
409 418 681 505 quemadmodum
705 419 733 481 si
759 418 832 500 quis
856 439 874 480 e
896 416 1099 480 mollissimis

83 513 194 578 stratis
224 510 437 592 cubiculoque
465 505 693 591 percommodo
721 507 902 568 matutinus
931 505 1101 589 egrediens

83 603 243 665 nocturno
272 597 347 682 gelu
374 597 564 661 lacunarum
587 593 683 657 dorsa
706 593 890 676 obriguisse
912 592 1101 677 herbasque

81 685 275 752 inealnuisse
307 684 509 768 prospiceret
541 684 574 745 et
604 680 775 763 inopinato
807 681 881 743 uisu
913 680 1101 745 admonitus
1115 709 1136 746 r·
1149 697 1183 737 ²1⁸

82 776 204 840 diceret
227 773 342 857 ‘frigus
365 773 415 834 est
437 768 559 834 hodie':
581 769 636 833 hic
658 767 741 832 mihi
763 789 968 853 nequaquam
990 791 1103 852 repre·
1130 788 1142 826 e

82 862 271 929 hendendus
291 859 464 942 uideretur,
483 858 561 943 quia
577 857 633 922 nel
646 857 812 921 communi
824 879 886 921 usu
899 857 952 920 uel
966 859 1103 940 proprio

47 966 182 1018 ssensu
210 950 335 1015 locutus
364 950 458 1012 esset.
504 949 541 1012 at
568 946 597 1011 si
618 945 764 1029 trepidus
787 946 823 1010 in
845 945 1029 1010 cubiculum
1053 969 1104 1010 re-

83 1060 215 1106 currens
244 1035 418 1119 stratisque
447 1056 519 1100 sese
547 1034 738 1118 adoperiens
765 1035 819 1098 uel
845 1035 952 1118 magis
980 1034 1104 1099 abdens

83 1131 247 1205 clamaret,
270 1127 398 1188 tantum
423 1124 556 1188 omnino
579 1123 685 1207 frigus
708 1144 780 1187 esse
804 1128 963 1207 quantum
984 1144 1044 1186 nec
1067 1123 1103 1186 in
1119 1141 1144 1178 ιο

82 1213 278 1299 Appennino
303 1211 477 1296 aliquando
499 1211 606 1295 fuerit,
630 1233 703 1275 eum
721 1209 891 1276 Hannibal
910 1211 1102 1294 elephantos

83 1324 185 1388 equos
208 1300 445 1385 plurimamque
470 1299 629 1364 exercitus
649 1299 701 1364 sui
718 1303 848 1382 partem
866 1300 998 1364 niuibus
1016 1300 1103 1364 elau·

47 1404 62 1452 s
82 1413 137 1456 sus
163 1394 259 1473 atque
279 1408 454 1471 oppressus
474 1388 598 1452 amisit:
621 1386 709 1452 hunc
728 1407 789 1472 ego
807 1388 987 1472 puerilibus
1006 1388 1103 1453 licen-

81 1479 138 1543 tiis
166 1477 372 1542 nausiantem
399 1496 464 1539 non
493 1473 590 1540 modo
614 1474 777 1540 dicentem
799 1478 864 1540 ista
886 1498 954 1541 non
976 1475 1105 1560 ferrem,

83 1566 139 1631 sed
164 1567 262 1630 etiam
287 1560 328 1628 ab
352 1564 431 1647 ipsis
457 1565 583 1647 stratis,
612 1564 673 1628 otii
697 1565 748 1629 sui
770 1565 920 1649 testibus,
943 1565 979 1629 in
1000 1581 1144 1650 popu-1⁵

81 1656 151 1719 lum
182 1652 412 1738 publicumque
439 1651 680 1736 protraherem,
710 1654 803 1737 eique
830 1653 919 1719 fores
946 1653 1104 1739 producto

83 1742 226 1808 infantes
250 1740 284 1803 in
308 1761 346 1804 eo
372 1743 469 1824 atque
494 1761 594 1805 exeo
620 1741 695 1826 gelu
718 1740 868 1807 ludentes
892 1742 1105 1808 iueundantes

31 1843 65 1892 10
85 1831 303 1913 sudantesque
322 1831 549 1911 monstrarem,
568 1832 606 1893 ut
619 1829 758 1894 uerbosa
770 1829 942 1914 nugacitas
957 1830 1106 1897 delicatis

84 1919 203 1985 uitiata
225 1915 434 1981 nutrimentis
458 1937 526 1980 non
549 1916 585 1980 in
607 1919 753 1999 tempore
775 1917 968 1982 uiolentiam
991 1919 1049 1982 sed
1072 1920 1107 1983 in

84 2030 118 2072 ss
143 2028 214 2071 esse
239 2003 414 2088 segnitiam
439 2003 607 2068 doceretur
631 2007 665 2068 et
686 2004 722 2068 in
746 2005 977 2088 conparatione
995 2027 1107 2071 rerum
1122 2025 1148 2064 ao

83 2092 289 2158 diiudicanda
315 2112 382 2156 non
410 2091 551 2156 maiores
580 2111 683 2174 parua
712 2092 870 2157 tolerasse
899 2093 956 2161 sed
984 2115 1019 2158 se
1047 2117 1108 2160 nee

82 2202 184 2264 parua
207 2181 347 2245 tolerare
372 2178 521 2244 sufficere
544 2178 748 2262 probaretur.

32 2280 61 2329 11
153 2267 248 2345 Quod
272 2267 452 2333 euidentius
470 2266 552 2349 ipsis
571 2266 605 2330 in
624 2267 815 2333 memoriam
834 2270 996 2337 reuolutis
1015 2293 1108 2354 prae·

82 2356 259 2422 teritorum
288 2353 433 2421 cladibus
458 2353 646 2436 adprobabo
669 2354 790 2438 Pyrrhi
814 2357 900 2423 bello
925 2360 1108 2445 inprimis,

86 2445 172 2511 sieut
191 2446 269 2511 ordo
288 2446 346 2527 est,
368 2441 508 2526 prodito.
541 2443 633 2508 cuius
653 2464 752 2535 eausa
770 2448 804 2511 et
822 2447 915 2532 origo
934 2447 1016 2514 haec
1033 2447 1108 2514 fuit.
1122 2465 1149 2504 2⁵

49 2538 65 2594 1
157 2532 260 2598 'Anno
284 2530 325 2598 ab
343 2530 423 2595 urbe
442 2530 571 2595 condita
590 2547 780 2598 decumum
800 2533 972 2600 Tarentini
988 2536 1109 2602 Roma·
1122 2554 1172 2603 nr

83 2643 162 2686 nam
191 2622 327 2686 classem
353 2617 436 2683 forte
464 2621 742 2704 praetereuntem,
773 2624 958 2706 spectaculo
985 2625 1109 2689 theatri

84 2711 293 2792 prospectam
315 2704 479 2771 hostiliter
501 2705 707 2789 inusserunt,
731 2709 873 2791 quinque
896 2712 1027 2773 tantum
1050 2732 1108 2775 na-

83 2796 181 2860 uibus
210 2796 265 2859 uix
294 2814 353 2878 per
380 2792 493 2877 fugam
516 2794 650 2880 elapsis,
678 2789 786 2859 estere
808 2798 952 2860 retraeta
973 2796 1010 2861 in
1032 2818 1107 2880 por-

83 2886 153 2946 tum
183 2881 297 2947 classis
321 2885 355 2946 et
376 2880 552 2965 profligata
576 2884 638 2966 est3
666 2881 824 2964 praefecti
846 2881 985 2948 nauium
1006 2887 1106 2951 truci·
1122 2908 1149 2947 ae

84 2970 167 3052 doti,
196 2989 308 3034 omnes
336 2968 423 3035 bello
451 2968 548 3033 utiles
576 2968 675 3052 caesi,
705 2969 824 3052 reliqui
851 2971 958 3052 pretio
981 2974 1109 3040 uenditi
1150 2996 1161 3011 ’

52 3061 172 3124 esunt.
211 3056 366 3123 continuo
390 3056 484 3121 missi
508 3054 686 3121 Tarentum
710 3078 729 3120 a
752 3055 912 3145 Romanis
935 3060 1049 3147 legati,
1071 3069 1109 3130 ut

86 3146 126 3212 de
146 3145 256 3211 inlatis
275 3146 487 3229 quererentur
505 3142 643 3226 iniuriis,
664 3144 789 3227 pulsati
808 3147 850 3210 ab
869 3147 975 3215 isdem
995 3154 1109 3217 auctas

87 3235 220 3319 insuper
242 3231 376 3299 iniurias
399 3231 603 3296 rettulerunt
638 3229 692 3295 his
716 3234 823 3300 causis
847 3234 972 3302 bellum
990 3239 1107 3323 ingens

51 3336 67 3380 ³
87 3326 234 3388 exartum
258 3323 315 3387 est
357 3318 532 3401 Romanos,
555 3318 612 3402 qui
634 3321 812 3406 quantique
835 3323 948 3390 hostes
972 3326 1108 3392 choum-
1123 3347 1150 3387 es

87 3413 272 3493 streperent
293 3407 538 3495 permetientes,
561 3406 677 3471 ultima
700 3407 811 3495 adegit
832 3413 1012 3478 necessitas
1035 3436 1109 3498 pro-

87 3496 219 3563 letarius
248 3517 376 3583 quoque
403 3496 437 3561 in
466 3515 557 3560 orma
584 3513 714 3579 cogere,
744 3497 808 3565 hoe
834 3503 886 3564 est
913 3521 969 3565 eos
994 3504 1051 3585 qui
1073 3506 1110 3570 in
