2400 3938
106 175 165 240 -72
371 178 479 230 PAVLI
498 179 621 231 OROSII
637 175 886 230 HISTORJARVM

122 322 279 406 plurimos
307 321 501 387 Iudaeorum
531 323 565 387 in
592 321 914 404 transmigrationem
942 321 1011 405 egit
1037 325 1138 407 atque

86 423 102 472 ι
120 414 155 474 in
169 409 336 494 Hyrcania
354 412 394 475 ad
410 409 563 496 Caspium
582 433 671 476 mare
689 410 839 475 habitare
857 410 1034 494 praecepit:
1054 433 1137 494 quos

121 499 168 562 ibi
195 521 296 582 usque
319 500 354 563 in
376 500 568 565 hodiernum
591 499 677 564 diem
700 498 911 583 amplissimis
935 497 1062 582 generis
1086 499 1138 563 sui

120 587 328 652 incrementis
347 588 523 654 consistere
543 592 639 673 atque
658 588 744 651 exim
759 588 951 672 quandoque
966 590 1138 671 erupturos

88 690 104 739 8
125 676 233 760 opinio
261 680 318 741 est.
360 678 450 742 cuius
474 677 573 741 etiam
595 676 672 741 belli
694 679 888 759 tempestate
911 679 1138 741 transcurrens
1167 692 1181 733 ⁵

118 769 155 829 et
185 762 340 831 Sidonem
367 765 650 849 opulentissimam
672 764 844 829 Phoenicis
871 765 1057 848 prou'uciae
1084 787 1139 828 ur-

122 854 198 918 bem
222 854 341 919 deleuit
326 857 397 919 tet
415 854 611 938 Aegyptum,
635 854 784 939 quamuis
808 853 898 937 prius
921 853 1037 937 uictus,
1060 857 1139 918 tunc

122 946 234 1007 tamen
258 944 374 1008 subant
359 946 428 1007 tam
451 943 630 1008 comminut
615 946 746 1027 tamque
768 942 854 1006 ferro
873 941 1045 1006 Persarum
1064 943 1139 1006 sub·

122 1031 231 1096 iecit
221 1032 367 1114 rmperio

87 1126 105 1180 8
189 1119 261 1184 Iam
291 1120 447 1184 hincta
395 1123 447 1184 sta
447 1120 508 1184 tim
536 1143 556 1184 a
581 1119 738 1185 Romanis
765 1119 935 1184 aduersum
964 1117 1091 1183 Samnit
1076 1121 1139 1203 tas,
1154 1139 1182 1178 10

122 1210 253 1293 gentem
286 1208 403 1291 opibus
433 1209 596 1291 armisque
623 1208 779 1291 ualidam,
810 1230 870 1291 pro
899 1205 1075 1290 Campanis
1105 1212 1139 1272 et

123 1295 282 1361 Sedicinis
305 1296 393 1360 bella
416 1300 567 1379 suscepta
590 1299 678 1362 sunt.
702 1295 915 1361 Samniticum
937 1296 1058 1360 bellum
1083 1318 1139 1360 an-

123 1384 213 1468 cipiti
237 1386 324 1457 statu
347 1388 476 1469 gestum
493 1383 640 1468 Pyrrhus
664 1385 717 1449 uel
739 1385 900 1449 maximus
920 1383 1060 1448 Romani
1080 1407 1138 1449 no·

100 1488 103 1493 ’
122 1473 219 1537 minis
238 1472 343 1537 hostis
363 1473 502 1557 excepit3
520 1472 638 1557 Pyrrhi
656 1472 779 1538 bellum
797 1496 873 1539 mox
886 1471 1046 1536 Punicum
1062 1495 1139 1538 con-

88 1574 104 1622 2
124 1565 269 1626 secutum
292 1565 354 1626 est:
379 1565 411 1626 et
434 1563 583 1646 quamuis
606 1583 786 1646 numquam
808 1567 884 1646 post
906 1564 1045 1626 mortem
1069 1560 1179 1626 Nu-15

123 1671 195 1715 mae
232 1650 444 1715 a‘bellorum
475 1646 629 1716 claldibus
662 1650 763 1716 fuisse
794 1655 955 1716 cessatum
986 1653 1138 1733 patent-es
1152 1679 1174 1716 ι).

125 1760 251 1822 semper
273 1738 346 1802 lani
372 1743 486 1823 portae
510 1739 667 1823 indicent,
697 1761 736 1804 ox
759 1761 797 1804 eo
820 1742 932 1803 tamen
954 1738 1058 1802 ueluti
1080 1761 1139 1823 per

123 1828 291 1893 meridiem
315 1831 387 1893 toto
411 1827 576 1911 inpressus
600 1829 689 1894 caelo
713 1828 873 1892 malorum
896 1827 1006 1892 feruor
1028 1827 1138 1892 incan-

88 1928 104 1976 3
125 1917 202 1980 duit.
239 1938 337 2000 porro
357 1920 475 2000 autem,
498 1917 650 1982 inchoato
670 1915 770 1980 semel
788 1916 873 1981 bello
886 1914 1009 1980 Punico
1029 1920 1138 1980 utrum

124 2004 298 2089 aliquando
322 2006 407 2069 bella
426 2002 537 2069 caedes
556 2005 670 2069 ruinae
689 2008 785 2088 atque
805 2004 915 2068 omnia
934 2003 1138 2068 infandarum
1153 2022 1180 2062 ιο

124 2094 280 2159 mortium
303 2113 423 2194 genera
444 2093 509 2157 nisi
533 2090 671 2157 Caesare
694 2091 844 2176 Augusto
866 2093 1047 2194 imperante
1072 2115 1138 2158 ces·

125 2181 283 2264 cauerint,
310 2180 454 2265 inquirat
475 2181 622 2246 inueniat
643 2181 761 2265 prodat
783 2181 929 2266 quisquis
951 2180 1139 2249 infamanda

90 2267 315 2334 40hrist1ana
346 2273 494 2352 tempora
525 2273 629 2353 putat.
675 2269 797 2355 absque
826 2270 928 2335 illot
913 2273 1025 2336 tamen
1052 2271 1140 2335 inter

124 2359 210 2423 bella
236 2357 361 2423 Punica
392 2357 486 2423 unius
520 2359 598 2422 anni
630 2358 731 2423 ueluti
764 2358 834 2424 auis
869 2359 1139 2443 praeteruolantis

125 2469 261 2512 excursu
282 2445 425 2512 Romani
451 2451 549 2530 propt
551 2468 584 2523 er
535 2447 732 2511 tolausas
755 2447 828 2511 Iani
850 2451 963 2531 portas
986 2447 1071 2512 inter
1093 2446 1136 2510 fe·
1153 2463 1180 2512 25

124 2537 198 2601 bres
227 2537 420 2621 morbosque
447 2535 644 2620 reipublicae
670 2535 711 2601 ad
739 2537 800 2601 hoc
828 2536 1019 2602 breuissima
1048 2535 1138 2619 pacis

124 2626 218 2710 signo
249 2624 340 2689 uelut
369 2625 560 2690 tenuissimo
591 2645 693 2709 aquae
723 2624 850 2710 gelidae
879 2626 1000 2690 haustu
1028 2624 1140 2688 inlecti

126 2717 211 2797 sunt,
229 2713 292 2778 ut
283 2736 319 2777 m
336 2713 428 2797 peius
447 2714 680 2779 recalescentes
701 2714 804 2779 multo
820 2714 952 2799 grauius
966 2711 1139 2777 uehemen-

76 2876 82 2885 .
124 2801 253 2885 tiusque
278 2801 530 2866 adflictarentur.

89 2900 105 2949 5
192 2890 239 2952 At
265 2910 358 2972 uero,
384 2889 412 2953 si
439 2889 566 2955 indubit
551 2891 715 2955 tatissime
743 2891 871 2956 constat
856 2887 957 2952 tsub
986 2884 1179 2970 Augustos

89 2978 267 3062 primum
282 2975 420 3042 Caesare
443 2982 545 3064 post
532 2978 718 3044 Parthicam
737 2998 850 3063 pacem
868 2975 1054 3040 uniuersum
1072 2977 1138 3039 ter-

124 3088 234 3131 rarum
262 3066 373 3130 orbem
399 3067 515 3150 positis
545 3068 643 3132 armis
672 3065 867 3148 abolitisque
889 3063 1060 3128 discordiis
1084 3085 1137 3149 ge·

125 3155 228 3221 nerali
249 3176 329 3238 pace
354 3157 386 3220 et
410 3177 496 3220 noua
519 3156 626 3258 quiete
650 3153 854 3238 conpositum
867 3151 1023 3217 Romanis
1042 3175 1137 3236 paru·

125 3245 190 3310 isse
208 3245 344 3329 legibus,
363 3242 541 3308 Romana
532 3267 603 3309 rura
617 3240 860 3328 quamproprie
875 3262 966 3305 arma
982 3241 1137 3305 maluisse

95 3333 310 3417 aspretisque
325 3324 467 3396 ducibus
475 3355 541 3397 su1s
551 3332 672 3397 rudrces
682 3330 819 3415 elegrsss
829 3329 994 3395 Romanos
995 3330 1138 3412 ‚pr-ostra
1152 3344 1180 3387 ao

129 3444 183 3486 mo
223 3421 373 3487 omnibus
406 3422 570 3505 gentibus,
607 3419 728 3484 cunctis
765 3418 956 3504 prouinciis,
991 3418 1138 3483 innume-

120 3510 176 3583 ris
214 3510 416 3594 ciuitatibus,
452 3508 571 3574 infinit
547 3513 589 3574 trs
623 3507 766 3594 populis,
801 3508 928 3574 totist
929 3506 1008 3572 erris
1041 3528 1139 3572 unam
