2370 3960
459 125 661 178 PRAEFATIO
1046 128 1087 180 XI

124 273 197 333 IIl
228 270 290 348 §3
324 277 481 347 potestates
512 274 618 334 eDcc
646 279 715 335 seat
746 293 782 333 ex
808 274 898 334 Pauli
925 274 1022 351 Epist.
1046 275 1085 336 ad

61 362 143 423 Rom.
165 364 255 439 13,1
281 362 415 438 repetita
438 364 516 423 sunt.

120 451 198 510 114
223 447 245 526 ξ
267 454 284 511 1
310 450 343 511 in
366 453 515 528 apparatu
537 450 602 511 crit.
625 452 706 527 lege:
730 451 837 529 quinta
858 445 897 511 L¹
907 452 954 511 1³⁸.

120 540 197 602 115
224 537 245 614 ἕ
265 541 286 599 4
309 539 342 599 in
365 543 514 616 apparatu
537 539 601 601 crit.
621 539 701 616 lege:
725 531 855 617 und¹que
878 540 913 600 L.

119 628 155 689 11
176 632 196 689 7
224 628 245 702 ξ
267 631 286 688 3
311 629 493 690 uocabulum
513 621 675 705 ‘primum'
696 632 765 704 pest
784 623 939 689 ‘inuitati'
958 649 1026 690 cum
1044 631 1084 690 ab

61 717 270 777 Laurentiano
294 717 376 778 absit
398 719 469 791 sole,
492 736 572 778 nune
591 737 628 777 ex
646 717 831 794 reliquorum
851 718 984 778 codicum
1008 719 1085 795 epti-

61 826 175 866 norum
201 806 390 866 ancteritats
411 807 518 883 recepi.

116 895 195 956 118
221 893 244 970 ἓ
266 898 286 956 8
315 888 460 956 ‘Persas'
483 893 643 955 delendum
666 912 732 956 esse
755 894 872 955 censuit
896 893 1085 955 Geldbasher

61 1006 78 1059 r.
94 987 174 1061 10⁷,
194 1002 368 1061 perperam.
406 983 507 1044 Verba
525 983 606 1043 enim
624 977 724 1064 ‘spem
742 983 894 1045 occasione
914 977 1083 1045 eumentes'

61 1074 164 1134 locent
190 1065 339 1133 ‘Persas'
363 1072 491 1148 abipso
515 1070 621 1132 Oresio
645 1073 790 1149 scriptum
813 1091 886 1134 esse.

114 1162 150 1222 Π
175 1163 220 1222 15
249 1159 309 1237 §3
344 1158 567 1237 consuleretur]
599 1161 797 1221 Ruhnkenius
825 1163 864 1221 ad
891 1161 984 1221 Rutil.
1007 1161 1084 1238 Lup.

61 1273 78 1327 r.
95 1253 141 1312 47
175 1244 232 1331 (de
258 1269 318 1326 quo
340 1249 469 1327 benigne
491 1250 610 1310 monuit
632 1241 793 1331 Ruehlius)
823 1270 858 1311 ex
880 1251 998 1310 Iustino
1017 1250 1045 1308 V
1066 1255 1082 1311 1

61 1338 70 1416 ξ
88 1343 108 1402 5
124 1330 345 1421 (maenas)
363 1339 524 1416 legendum
539 1357 604 1400 esse
619 1338 728 1398 statuit
743 1344 970 1400 eeeuercrctar.
1003 1338 1085 1409 Quae

61 1429 233 1489 nnieetnra
255 1431 322 1488 tam
341 1428 420 1488 falsa
440 1431 486 1488 est
499 1446 590 1505 quam
609 1428 694 1506 leuis,
713 1429 866 1488 refutatur
885 1429 965 1488 enim
982 1429 1084 1490 uerbis

61 1521 120 1578 bae
137 1519 272 1592 portatico
301 1535 378 1593 quae
402 1536 462 1576 una
485 1536 552 1576 cum
577 1519 716 1592 coaptetis
737 1519 853 1578 atritas
876 1515 1001 1577 Orosius
1029 1536 1083 1577 suo

61 1607 147 1666 llarte
175 1605 305 1667 addidit
328 1605 438 1664 Iustini
461 1607 627 1666 orationem
650 1606 787 1682 paullum
810 1606 982 1666 immutans.

112 1696 212 1755 1115
234 1692 257 1770 ξ
279 1697 296 1753 6
316 1697 349 1754 te
362 1695 496 1755 Mediam
513 1695 664 1770 glossema
683 1713 749 1755 esse
768 1693 956 1755 Geldbacher
973 1714 1002 1770 p.
1020 1696 1082 1754 107

61 1784 262 1860 probabiliter
285 1783 415 1860 censuit,
439 1785 542 1860 itaque
566 1782 682 1844 seclusi.

113 1873 147 1931 Π
168 1874 218 1933 19
243 1868 265 1948 ἐ
288 1874 327 1931 11
352 1872 385 1930 in
408 1869 563 1948 spatiosis]
587 1871 665 1931 Hinc
687 1871 857 1931 coniciende
880 1871 993 1930 factum
1018 1888 1083 1931 esse

61 1965 150 2022 statne
176 1959 270 2039 qued
292 1960 469 2036 interpolati
490 1961 561 2021 libri
580 1960 735 2020 exhibent:
759 1955 837 2036 ‘ipsa
854 1952 959 2020 uocis'.
997 1958 1084 2018 Alius

61 2051 261 2128 samanar
295 2048 443 2125 processit
469 2050 508 2109 ad
540 2049 777 2127 dittographiam
808 2049 899 2109 hanc:
932 2042 1030 2110 ‘nocie
1053 2048 1085 2107 in

61 2131 224 2215 spatiosis'.
254 2169 297 2180 --
327 2137 512 2200 Sententiam
536 2135 659 2198 Orosius
682 2138 811 2198 fortasse
835 2158 872 2198 ex
893 2138 1084 2216 gnomologio

61 2229 178 2306 pedam
206 2226 368 2303 repetiuit,
392 2245 468 2304 quae
490 2227 583 2288 fuisse
606 2228 709 2302 petest
728 2227 791 2286 fere
810 2227 894 2288 talis:
913 2220 1085 2303 ‘Siquidem

61 2319 177 2379 interit
203 2321 259 2378 est
283 2316 407 2391 pauoris
430 2320 462 2376 in
485 2315 626 2392 spatiosis
649 2310 785 2376 raritas?

110 2407 197 2466 1111
224 2402 249 2480 ξ
266 2407 311 2466 10
330 2405 444 2482 altege
462 2405 574 2482 Magne
595 2403 756 2481 stipendio]
780 2404 925 2464 Rushlius
946 2397 1083 2480 ‘magne'

61 2496 253 2556 scribendum
287 2494 320 2552 et
348 2511 415 2553 cum
443 2487 624 2569 ‘stipendio'
653 2493 893 2570 coniungendam
920 2510 986 2551 esse
1013 2511 1084 2567 pro-

61 2587 146 2658 posuit
166 2582 396 2660 probabiliter,
414 2600 484 2641 nam
503 2576 618 2659 ‘regem
632 2576 787 2660 magnum'
801 2580 962 2640 Persarum
981 2599 1085 2658 regern

62 2672 206 2734 ilustino
227 2689 297 2731 non
316 2670 462 2748 appellari
479 2671 559 2730 idem
577 2671 694 2730 monuit
711 2689 808 2747 neque
828 2689 864 2730 ex
878 2667 985 2731 Oresio
1002 2671 1085 2729 aliud

62 2764 223 2840 templum
239 2758 360 2820 notaui.
386 2758 511 2829 Quodsi
526 2758 705 2837 admittitur,
720 2758 844 2819 Orosius
858 2759 936 2818 illud
950 2752 1085 2835 ‘magne'

63 2866 125 2912 nere
148 2869 212 2911 suo
240 2849 314 2925 ipse
341 2847 470 2925 addidit,
493 2849 629 2909 Iustinus
653 2848 733 2908 enirn
755 2848 836 2908 VII
863 2845 959 2924 §162
993 2841 1084 2908 ‘date

64 2939 199 3016 ependio
226 2939 273 2999 ad
297 2937 425 2997 classem
447 2929 634 2998 remittitur?
670 2936 755 2996 Idem
775 2937 899 2997 Orosius
921 2935 1019 2996 minus
1039 2955 1086 2996 ac·

65 3033 145 3089 arcte
171 3030 206 3090 h.
222 3028 247 3087 1.
277 3019 424 3086 ‘iterum'
448 3026 580 3104 scripsit,
604 3044 638 3086 eo
662 3025 818 3099 seductus,
848 3025 928 3102 quod
952 3023 972 3100 ὅ
993 3027 1011 3085 7
1036 3025 1085 3083 Iu-

66 3117 116 3177 eri
131 3118 181 3178 VI
205 3121 224 3178 1
250 3112 275 3191 ξ
298 3117 318 3175 9
344 3114 440 3175 uerba
460 3114 506 3173 ita
526 3115 704 3193 detorserat,
723 3117 837 3174 utnon
855 3112 1083 3172 Pharnabazum

67 3205 101 3264 nt
118 3206 290 3268 Cononem
315 3204 483 3279 quingenta
505 3205 621 3262 talenta
644 3204 794 3280 accepisse
817 3202 937 3262 diceret.

126 3297 178 3357 III
201 3298 222 3357 6
252 3291 278 3370 ξ
299 3294 320 3353 5
346 3310 436 3353 seruo
461 3289 547 3368 alite]
572 3292 606 3352 L.
621 3292 750 3369 Traube,
769 3293 872 3352 Riecte.
886 3290 1024 3347 Muscam
1038 3287 1082 3345 40

68 3386 150 3455 ΗΜ
174 3382 323 3448 coniecit
346 3380 428 3458 apud
451 3380 575 3441 Florum
593 3381 609 3439 I
629 3383 648 3441 8
676 3401 731 3456 pro
755 3373 854 3440 ‘saera
877 3369 965 3435 alite'
988 3374 1083 3434 inter-

69 3471 200 3544 lvhticne
221 3475 342 3535 natum
362 3488 429 3531 esse
448 3488 485 3528 ex
499 3464 606 3530 ‘cerne
621 3464 710 3529 alite’
731 3470 794 3528 tam
808 3466 933 3526 Florum
945 3465 1087 3524 statuens
