2370 3960
87 176 152 240 102
332 178 441 229 Pavor
460 176 583 228 oaosn
601 177 850 228 nrsromnuvu

85 322 207 386 moriae
239 319 395 383 traditum
426 341 493 384 non
525 322 588 403 est,
624 321 763 385 maxime
796 322 873 406 quia
905 323 1098 405 scriptorum

84 413 232 473 ueterum
260 429 330 472 mos
359 411 410 471 est
433 430 471 472 ex
495 428 534 472 ea
555 412 649 491 parte
674 431 757 493 quae
780 409 896 473 uicerit
919 409 1100 475 occisorum

83 518 150 561 non
174 496 400 562 commendare
423 517 602 580 numerum,
624 517 666 561 ne
688 497 846 562 uictoriae
869 497 1009 582 gloriam
1033 522 1100 564 ma·

49 596 64 642 3
84 585 195 650 culent
218 584 338 650 damna
360 584 507 667 uictoris,
534 584 598 648 nisi
620 584 704 648 forte
727 582 799 649 cum
824 586 903 650 adeo
927 588 1023 670 pauci
1049 610 1100 653 ca-

83 672 177 757 dunt,
215 677 252 738 ut
285 673 533 738 admirationem
564 675 783 758 terroremque
814 675 946 739 uirtutis
978 681 1100 760 augeat
1129 693 1140 732 ⁵

83 762 230 847 paucitas
250 763 462 850 perditorum,
487 761 570 825 sicut
592 762 627 826 in
651 758 764 844 lprima
782 762 905 828 Persici
927 764 1005 828 belli
1024 787 1100 830 con·
1114 793 1137 830 r·
1150 778 1182 821 21⁷

83 853 252 935 gressione
281 851 366 936 apud
393 849 615 915 Alexandrum
641 849 799 936 Magnum
825 852 901 917 fuit:
934 853 985 917 cui
1012 853 1100 919 inter

84 957 172 1006 cccc
192 941 259 1006 fere
277 939 367 1004 milia
384 939 530 1004 hostium
550 940 722 1006 interfecta
740 963 858 1007 nouem
872 942 1099 1008 tantummodo

49 1038 66 1085 4
85 1031 119 1095 in
144 1030 285 1095 exercitu
309 1028 377 1093 eius
400 1029 525 1112 pedites
550 1028 689 1095 defuisse
711 1032 903 1096 referuntur.
945 1031 1000 1096 sed
1020 1031 1100 1116 Pyr·

84 1120 164 1184 rhus
183 1117 386 1183 atrocitatem
407 1118 517 1202 eladis,
541 1140 640 1202 quam
658 1119 720 1185 hoc
738 1120 825 1185 bello
845 1124 1025 1204 exceperat,
1049 1121 1098 1186 dis
1113 1138 1141 1177 10

84 1207 152 1271 suis
184 1206 433 1291 hominibusque
464 1210 603 1271 testatus
635 1211 697 1290 est,
730 1208 874 1292 adfigens
904 1209 1038 1274 titulum
1065 1210 1097 1276 in

83 1296 206 1378 templo
230 1295 398 1360 Tarentini
421 1294 520 1378 Iouis,
542 1296 578 1359 in
600 1317 663 1379 quo
685 1294 766 1360 haec
790 1297 933 1381 scripsit:

154 1397 208 1461 Qui
226 1397 347 1472 antehac
364 1397 466 1452 inuicti
483 1397 560 1453 fuere
578 1396 642 1465 uiri,
661 1399 743 1468 pater
761 1397 868 1468 optime
887 1399 1014 1470 Olympi,

153 1469 212 1524 Hos
232 1485 285 1540 ego
304 1468 335 1523 in
353 1485 450 1539 pugna
467 1467 524 1523 vici
541 1467 690 1536 uictusque
709 1486 771 1523 sum
790 1469 825 1523 ah
844 1469 942 1525 isdem.

46 1570 61 1618 ὅ
81 1566 115 1627 et
142 1584 215 1627 cum
242 1583 261 1627 a
285 1561 381 1626 sociis
404 1561 664 1644 increpitaretur,
692 1583 748 1627 cur
772 1583 805 1626 se
829 1562 953 1627 uictum
977 1564 1137 1629 diceret1⁵

82 1652 137 1737 qui
165 1652 311 1734 uicisset,
342 1649 545 1734 respondisse
573 1649 690 1715 fertur:
719 1649 773 1714 Ne
802 1671 871 1737 ego
901 1653 934 1717 si
956 1653 1098 1718 iterum

83 1741 214 1806 eodem
247 1739 355 1805 modo
388 1739 530 1822 uicere,
564 1739 646 1803 sine
676 1739 757 1804 ullo
785 1740 912 1805 milite
938 1739 1098 1825 Epirum

47 1839 62 1887 6
81 1835 268 1896 reuertar.
296 1830 420 1894 interea
433 1826 599 1892 Romanus
619 1828 786 1911 exercitus,
804 1832 977 1913 postquam
990 1829 1098 1895 uictus

82 1920 166 1985 elam
189 1919 274 2003 fugit
297 1939 313 1982 e
337 1916 462 2000 castris,
485 1916 706 1981 miserabilem
729 1916 809 1981 belli
827 1918 950 1982 cladem
969 1919 1097 2002 grauie

47 2017 61 2063 7
81 2008 172 2073 ribus
192 2006 346 2071 monstris
361 2007 490 2070 aucium
506 2005 806 2090 accumulatamque
819 2005 988 2090 persensit.
1018 2027 1096 2071 nam
1111 2024 1137 2062 2⁰

80 2096 291 2179 pabulatores
321 2095 408 2158 forte
437 2115 627 2178 progressos
658 2094 750 2158 uelut
777 2094 907 2159 hostilis
935 2095 1095 2180 quaedam

80 2185 196 2248 oborta
219 2185 398 2266 tempestas
421 2204 494 2247 cum
512 2182 662 2247 horribili
680 2183 810 2267 fragore
830 2183 911 2250 caeli
930 2188 1095 2271 correptos

46 2272 159 2336 8diris
189 2271 380 2336 fulminibus
411 2271 543 2337 exussit.
590 2271 707 2355 quippe
735 2289 810 2335 xxx
841 2275 874 2336 et
901 2288 956 2337 1111
983 2295 1095 2339 eorum

80 2361 166 2425 idem
184 2360 280 2425 turbo
299 2359 492 2445 prostrauit,
516 2360 579 2424 duo
598 2363 635 2432 et
648 2360 767 2444 uiginti
786 2361 963 2426 semineces
981 2362 1095 2444 relicti,

79 2450 225 2517 iumenta
257 2449 442 2514 exanimata
473 2453 505 2513 et
538 2451 633 2532 capta
663 2450 879 2533 conplurima:
911 2453 949 2514 ut
978 2450 1094 2516 merito
1110 2466 1136 2506 2⁵

81 2540 256 2625 contigisse
282 2558 350 2602 non
377 2537 412 2601 in
436 2537 566 2622 signum
589 2538 785 2603 uastationis
808 2539 935 2605 futurae
959 2539 1016 2603 sed
1039 2561 1096 2603 ua-

81 2628 179 2693 statio
203 2629 275 2711 ipsa
296 2625 464 2691 referatur.

46 2725 61 2773 9
149 2715 296 2781 Secunda
314 2715 398 2780 inter
411 2712 575 2797 Pyrrhum
594 2718 627 2780 et
640 2714 807 2780 Romanos
822 2715 969 2780 consules
982 2733 1100 2796 pugna·

80 2804 114 2868 in
138 2803 275 2887 Apuliae
303 2802 421 2867 finibus
444 2801 516 2865 fuit.
562 2802 617 2866 ubi
641 2801 747 2866 clades
771 2802 851 2866 belli
874 2801 914 2866 ad
937 2802 1093 2883 utrosque

81 2892 136 2956 sed
165 2890 303 2956 maxime
333 2890 374 2956 ad
397 2889 574 2974 Pyrrhum,
600 2889 740 2953 uictoria
763 2890 804 2953 ad
827 2888 992 2954 Romanos
1016 2908 1092 2953 con·
1107 2906 1133 2945 ³0

46 2980 185 3046 Ocessit.
222 3001 299 3043 nam
322 2999 396 3043 cum
419 2979 474 3042 diu
497 2974 625 3042 oblnixe
648 2976 772 3040 cunctis
795 2976 830 3040 in
851 2978 999 3040 mutuam
1023 2997 1093 3040 cae·
1107 3003 1129 3040 r·
1144 2994 1182 3035 218

81 3069 154 3134 dem
171 3068 351 3151 ruentibus,
372 3088 490 3150 anceps
508 3065 586 3131 belli
604 3063 759 3149 penderet
778 3067 921 3148 euentus,
939 3062 1093 3150 Pyrrhus,

81 3159 237 3224 transfixo
261 3155 413 3222 bracchio
438 3155 575 3238 saucius,
597 3152 687 3239 prior
709 3152 807 3218 cessit
829 3175 847 3218 e
869 3152 1003 3236 proelio
1038 3154 1093 3219 sed

49 3252 115 3312 let
142 3247 308 3314 Fabricius
339 3245 465 3329 legatus
497 3249 575 3309 tunc
604 3243 792 3307 uulneratus
824 3244 883 3308 est
928 3241 1094 3326 elephanti

81 3338 187 3422 prima
210 3356 320 3422 pugna
342 3332 507 3399 uulnerari
530 3335 628 3417 atque
650 3331 685 3395 in
703 3330 816 3415 fugam
834 3329 907 3416 cogi
924 3351 1021 3414 posse
1041 3330 1092 3394 de·
1108 3348 1133 3388 aa

81 3425 245 3509 prehensi,
277 3422 388 3489 deinde
419 3421 571 3488 subiectis
601 3420 687 3485 inter
712 3420 893 3504 posteriora
919 3440 957 3485 ac
980 3419 1094 3485 mollia

81 3513 213 3596 ignibus
246 3512 418 3599 exagitati,
449 3510 598 3576 ardentes
629 3509 762 3594 insuper
791 3508 958 3577 machinas
985 3508 1093 3573 furore
