2370 3960
111 158 177 222 294
359 157 468 207 PAVLI
486 155 609 207 OROSII
627 154 883 208 HISTORIARVM

112 301 310 385 perpendere
343 298 449 381 plenis
484 297 662 383 miraculis,
694 298 766 382 quis
799 299 992 383 praedicare
1024 298 1119 386 dignis
1174 354 1178 365 .

111 391 258 453 laudibus
283 386 404 473 queat?

72 490 93 538 a
181 478 291 542 Tertia
321 476 372 541 die
400 477 533 541 barbari
562 497 660 561 quam
688 476 830 561 ingressi
856 477 975 541 urbem
1005 476 1123 543 fuerant

114 570 228 650 sponte
257 566 439 650 discedunt,
466 565 556 630 facto
585 564 714 649 quidem
737 563 984 648 aliquantarum
1006 565 1122 631 aedium
1174 622 1181 637 .,

113 655 265 720 incendio
294 656 351 720 scd
377 677 420 719 ne
447 658 541 718 tanto
569 653 699 738 quidem
728 656 886 737 quantum
911 655 1142 740 septingentel

72 757 95 805 ,6
116 745 197 808 simo
227 743 419 810 conditionis
448 743 516 808 eius
548 763 633 807 anno
664 762 759 807 casus
787 741 950 809 effecerat.
996 743 1124 808 namsi

113 834 292 898 exhibitam
315 832 456 899 Neronis
479 831 688 917 imperatoris
711 830 762 895 sui
785 831 985 915 spectaculis
1008 831 1123 897 inflam-

113 924 293 987 mationem
311 943 502 1005 recenseam,
525 919 638 1004 procul
656 918 756 985 dubio
779 919 873 984 nulla
896 921 1124 1006 conparatione

116 1011 380 1097 aequiparabitur
399 1010 575 1076 secundum
594 1008 636 1092 id,
659 1007 745 1093 quod
769 1007 971 1074 excitauerat
995 1009 1124 1076 lasciuia

72 1111 97 1161 lu
116 1102 285 1184 principie,
312 1100 386 1181 hoc,
416 1098 502 1182 quod
523 1120 609 1163 nunc
631 1097 743 1162 intulit
764 1097 815 1161 ira
836 1096 982 1163 uictoris.
1028 1117 1124 1184 neque
1134 1110 1153 1151 1⁰

116 1211 194 1254 uero
228 1189 397 1253 Gallorum
434 1188 622 1252 meminisse
653 1187 688 1250 in
720 1185 909 1272 huiusmodi
946 1186 1124 1252 conlatione

116 1278 225 1357 debeo,
250 1277 304 1357 qui
328 1275 480 1339 continuo
504 1296 605 1357 paene
630 1275 708 1339 anni
732 1275 838 1358 spatio
862 1274 1019 1341 incensae
1042 1295 1124 1340 euer-

72 1375 96 1424 28
116 1385 232 1445 eaeque
256 1363 345 1425 urbis
370 1362 508 1426 adtritos
532 1362 655 1426 cineres
673 1363 896 1446 possederunt.
933 1369 968 1428 et
984 1385 1028 1428 ne
1046 1363 1124 1447 quis·

114 1473 211 1533 quam
226 1449 311 1513 forte
326 1449 491 1514 dubitaret
505 1449 546 1513 ad
561 1451 800 1535 correptionem
814 1451 975 1534 superbae
988 1452 1129 1518 lasciuae

114 1543 146 1602 et
179 1538 388 1621 blasphemae
421 1538 565 1604 ciuitatis
601 1539 751 1605 hostibus
788 1538 889 1604 fuisse
924 1541 1125 1624 permissum,
1135 1549 1163 1615 1⁶,

113 1627 225 1691 eodem
244 1632 390 1712 tempore
410 1628 592 1693 clarissima
610 1627 700 1693 urbis
719 1628 793 1694 loca
810 1627 1003 1694 fulminibus
1023 1629 1126 1694 diruta

115 1720 200 1799 sunt,
224 1739 305 1800 quae
329 1717 527 1781 inflammari
551 1717 592 1781 ab
613 1717 763 1781 hostibus
786 1717 1014 1801 nequiuerunt.

72 1811 97 1864 tt)
182 1801 285 1868 lAnno
318 1800 433 1890 itaque
461 1806 503 1870 ab
535 1806 616 1870 urbe
648 1805 779 1870 condita
804 1822 954 1870 mchml
986 1805 1125 1890 inruptio
1140 1814 1174 1868 ul

113 1893 202 1956 urbis
221 1915 279 1976 per
298 1894 464 1967 Alaricum
483 1893 571 1959 facta
589 1897 652 1959 est:
671 1894 828 1958 cniusrei
847 1895 999 1978 quamuis
1018 1916 1126 1961 recens

114 1982 269 2046 memoria
298 1983 354 2065 sit,
381 1987 493 2046 tamen
521 1983 550 2046 si
573 1983 645 2066 quis
668 1982 772 2067 ipsius
796 1982 908 2066 populi
932 1981 1075 2048 Romani
1097 1986 1158 2048 et²⁰

113 2071 354 2135 multitudinem
376 2070 488 2134 uideat
511 2075 543 2134 et
566 2093 679 2135 uocem
703 2070 823 2154 audiat,
846 2070 950 2135 nihil
968 2071 1127 2156 factum,

115 2160 198 2224 sicut
222 2160 320 2223 etiam
343 2158 407 2241 ipsi
429 2158 587 2241 fatentur,
616 2159 841 2242 arbitrabitur,
864 2159 929 2223 nisi
953 2160 1127 2245 aliquantis

115 2248 218 2312 adhuc
248 2247 459 2311 existentibus
488 2269 527 2310 ex
557 2246 707 2312 incendio
730 2247 832 2312 ruinis
856 2248 942 2313 forte
966 2249 1128 2316 doceatur.

79 2337 149 2401 ain
183 2359 220 2401 ca
244 2337 438 2421 ’inruptione
469 2335 624 2420 Placidia,
657 2335 832 2402 Theodosii
863 2337 1021 2420 principis
1053 2339 1129 2423 filia,

115 2426 248 2491 Arcadii
277 2431 310 2492 et
332 2425 472 2492 Honorii
499 2425 731 2510 imperatorum
761 2447 865 2509 soror,
894 2425 936 2490 ab
959 2425 1163 2512 Athaulfo,¹⁵

115 2515 239 2581 Alarici
263 2517 459 2601 propinquo,
489 2520 585 2599 capta
613 2520 710 2601 atque
732 2516 767 2580 in
790 2535 923 2580 uxorem
947 2513 1130 2600 adsumpta,

115 2607 208 2687 quasi
237 2617 308 2669 eam
336 2606 446 2671 diuino
474 2604 593 2669 iudicio
620 2605 711 2672 uelut
740 2603 878 2689 speciale
900 2602 1020 2688 pignus
1045 2605 1130 2670 obsi·

115 2692 188 2754 dem
211 2694 317 2757 Roma
340 2693 520 2775 tradiderit,
542 2694 590 2756 ita
613 2694 724 2758 iuncta
746 2693 974 2778 potentissimo
999 2692 1132 2758 barbari

114 2780 200 2858 regis
226 2780 377 2864 coniugio
402 2781 503 2844 multo
528 2781 726 2862 reipublicae
750 2782 919 2846 commodo
943 2779 1012 2847 fuit.

79 2878 95 2925 3
182 2864 310 2928 Interea
338 2871 414 2929 ante
442 2867 609 2930 biennium
632 2867 799 2932 Romanae
827 2869 1026 2952 inruptionis
1049 2870 1130 2936 exci·
1144 2885 1168 2927 ω

114 2954 202 3015 tatae
226 2973 284 3034 per
303 2950 492 3016 Stiliconem
512 2957 626 3036 gentes
645 2954 834 3037 Alanorum,
857 2959 895 3018 ut
913 2956 990 3042 dixi,
1009 2957 1130 3024 Suebo·

114 3064 187 3106 rum
217 3039 441 3105 Vandalorum
471 3039 656 3122 multaeque
686 3062 760 3105 oum
789 3041 841 3106 his
872 3043 955 3108 aliae
985 3044 1129 3113 Francos

115 3133 293 3216 proterunt,
312 3127 464 3210 Rhenum
482 3130 661 3211 transeunt,
681 3127 805 3194 Gallias
819 3131 979 3197 inuadunt
992 3133 1131 3201 directo·

116 3243 177 3305 que
201 3223 324 3305 impetu
343 3218 546 3302 Pyrenaeum
568 3236 670 3298 usque
691 3217 899 3298 perueniunt:
924 3226 1012 3286 cuius
1036 3223 1130 3288 obice

117 3309 157 3372 ad
190 3313 317 3393 tempus
354 3307 515 3392 repulsae,
551 3323 608 3388 per
640 3303 904 3374 circumiacentes
941 3310 1128 3391 prouincias
1143 3327 1169 3370 ³⁶

113 3399 337 3463 refunduntur.

81 3493 99 3540 4
184 3486 245 3549 His
264 3508 321 3569 per
340 3486 466 3552 Gallias
486 3480 716 3552 bacchantibus
736 3482 823 3566 apud
841 3479 1029 3547 Britannias
1050 3485 1130 3551 Gra-
