2370 3960
307 193 502 245 nuvuusvu
519 193 685 246 ricinos
703 195 760 245 1111
780 197 804 246 s.
824 199 848 247 e.
1023 192 1086 258 107

68 337 259 403 referantur.
297 333 583 421 Carthaginienses
606 338 817 403 uernaculum
841 341 937 422 atquc
960 338 1120 403 intecti-2

69 448 148 491 num
172 447 302 511 semper
323 426 409 491 inter
432 447 466 491 sc
489 426 611 490 malum
633 425 776 490 habuere
795 426 1000 512 discordiam,
1023 449 1087 511 qua

69 515 244 581 infeliciter
267 515 452 601 exagitante
475 516 564 579 nulla
587 536 740 599 umquam
763 519 912 598 tempora
934 517 988 581 uel
1006 515 1086 582 foris

68 626 226 688 prospera
258 605 310 669 uel
342 604 430 668 domi
463 603 572 688 quieta
603 603 771 668 duxerunt.
816 604 872 668 sed
900 626 973 669 cum
1000 605 1120 671 intcr3

45 696 177 758 ⁵cetera
208 693 297 757 mala
326 693 425 758 ctiam
454 692 642 776 pestilentia
672 692 872 776 laborarent,
901 692 1084 759 homicidiis

67 803 127 866 pro
151 782 308 883 remedi'g
326 782 376 847 usi
395 784 484 846 sunt:
507 781 626 865 quippe
646 780 794 847 homines
812 784 849 845 ut
866 780 1016 847 uictimas
1035 785 1084 848 in·

70 871 239 936 molabant
263 873 466 955 aetatemque
490 870 689 954 inpuberem,
713 891 796 954 quae
820 869 918 935 etiam
941 871 1085 936 hostium

67 959 322 1025 misericordiam
345 963 549 1043 prouocaret,
572 959 636 1023 aris
661 959 885 1024 admouebant.

133 1047 184 1112 De
208 1070 272 1132 quc
296 1070 462 1113 sacrorum
485 1048 585 1112 immo
607 1047 851 1131 sacrilegiorum
870 1067 987 1132 genere
1006 1048 1085 1132 quid
1103 1055 1120 1102 4

30 1154 54 1193 10
66 1137 236 1221 potissime
256 1136 495 1202 discutiendum
512 1136 557 1201 sit
571 1158 639 1201 non
653 1137 794 1201 inuenio.
827 1136 958 1216 sienim
972 1136 1083 1201 huius·

66 1226 155 1290 modi
184 1226 268 1290 ritus
298 1226 399 1310 aliqui
428 1226 600 1290 daemones
625 1225 810 1309 praecipere
834 1225 905 1290 ausi
929 1229 1019 1310 sunt,
1046 1229 1084 1290 ut

67 1313 226 1379 mortibus
250 1314 420 1379 hominum
443 1315 604 1380 occisione
626 1314 796 1379 hominum
819 1313 1005 1395 satisfieret,
1033 1316 1083 1379 in-

66 1403 288 1488 tellegendum
310 1403 373 1468 fuit
391 1425 425 1467 se
445 1404 613 1487 operarios
631 1407 728 1488 atque
747 1403 911 1468 adiutores
929 1402 1090 1487 pestilen-'

66 1492 132 1556 tiae
160 1491 309 1570 conduci,
337 1496 373 1556 ut
400 1492 464 1575 ipsi
493 1513 573 1576 quos
598 1492 657 1556 illa
679 1495 755 1557 non·
767 1492 977 1575 corripuisset
999 1493 1082 1557 occi·

29 1595 52 1634 1⁵
65 1580 191 1644 derent:
225 1602 321 1645 sanas
350 1580 437 1645 enim
464 1585 561 1664 atquc
589 1580 794 1664 incorruptas
823 1580 930 1644 offerri
956 1580 1080 1645 hostias
1102 1587 1117 1634 5

65 1691 136 1733 mos
160 1672 223 1753 est,
250 1669 297 1733 ita
319 1672 358 1733 ut
379 1669 429 1734 illi
452 1691 519 1735 non
542 1669 692 1734 sedarent
715 1668 846 1734 morbos
870 1669 926 1733 sed
948 1691 1083 1753 praeuc-

64 1757 182 1822 nirent.

130 1845 245 1929 Itaque
273 1842 558 1930 Carthaginienses
591 1845 715 1909 auersis
747 1845 795 1909 dis
823 1847 958 1928 propter
984 1846 1080 1909 istius
1102 1853 1117 1900 6

63 1934 154 1999 modi
178 1955 271 1999 sacra
292 1970 330 1979 —
352 1934 435 1998 sicut
457 1934 633 2018 Pompeius
658 1933 787 2017 Trogus
811 1937 844 1998 et
866 1932 1011 2003 Iustinus
1035 1933 1050 1996 f
1070 1969 1081 1980 -

26 2039 50 2078 2⁰
63 2027 190 2107 tentur,
220 2023 303 2088 sieut
331 2026 441 2087 autem
469 2023 556 2106 apud
577 2045 638 2087 nos
663 2025 804 2106 constat,
833 2025 967 2106 propter
986 2043 1080 2106 prae-

13 2129 50 2168 220
63 2112 284 2195 sumptionem
303 2111 568 2196 impietatemque
586 2113 733 2196 ipsorum
753 2107 845 2176 lirato
864 2109 934 2176 Deo
949 2147 991 2158 -
1007 2133 1081 2176 curn
1101 2119 1115 2166 7

62 2201 97 2265 in
117 2198 230 2265 Sicilia
253 2200 308 2264 diu
330 2199 505 2265 infeliciter
528 2200 747 2284 dimicassent,
769 2200 930 2264 translato
953 2200 987 2264 in
1007 2197 1080 2265 Sar-

62 2289 186 2353 diniam
205 2289 290 2353 bello
309 2288 428 2353 iterum
446 2288 607 2353 infelicius
626 2288 706 2354 uicti
725 2292 809 2373 sunt.
841 2291 976 2371 propter
995 2289 1081 2372 quod

62 2378 178 2442 ducem
206 2400 300 2442 suum
323 2375 472 2442 Mancum
494 2381 528 2442 et
549 2398 670 2461 paucos
694 2377 749 2460 qui
772 2364 998 2460 su'perfuerant
1020 2379 1080 2453 mi·

23 2483 49 2522 ²⁵
62 2467 138 2531 lites
163 2467 293 2530 exulare
316 2465 489 2530 iusserunt.
526 2467 635 2530 exules
659 2465 789 2530 ueniam
807 2485 865 2547 per
882 2463 1009 2547 legatos
1028 2486 1080 2546 pe·

60 2558 170 2619 tentes
188 2554 310 2638 repulsi
327 2555 468 2637 patriam
486 2546 625 2619 bello'et
639 2552 809 2618 obsidione
823 2552 1000 2616 cinxerunt.
1032 2553 1080 2616 ibi
1099 2560 1115 2608 8

61 2649 141 2708 tunc
170 2642 300 2708 Mazeus
331 2642 394 2706 dux
425 2644 555 2707 exulum
582 2641 815 2707 Carthalonem
844 2638 949 2703 filium
976 2661 1080 2724 suum,

62 2731 265 2797 sacerdotem
284 2730 441 2814 Herculis,
464 2754 521 2797 cur
544 2731 607 2795 sibi
629 2730 722 2794 uelut
739 2728 903 2793 insultans
922 2750 1079 2813 purpura·

63 2825 116 2885 tus
136 2823 328 2904 occurreret,
346 2820 381 2884 in
399 2842 526 2886 crucem
545 2819 605 2884 sub
625 2819 728 2884 oculis
746 2816 874 2902 patriae
891 2817 939 2882 ita
957 2821 1080 2883 uteret

23 2924 50 2964 ³⁰
63 2931 136 2974 cum
163 2909 316 2993 purpuris
344 2908 520 2993 infulisque
547 2907 723 2994 suspendit.
768 2910 845 2991 post
867 2927 987 2990 paucos
1011 2907 1115 2986 diost

61 2997 178 3062 urbem
200 2997 306 3082 ipsam
329 2998 427 3081 cepit3
459 2998 513 3081 qui
536 3019 623 3080 cum,
650 2995 830 3062 interfectis
852 2996 1004 3079 plurimis
1028 3017 1077 3061 sc-

61 3091 224 3168 natorum,
248 3088 379 3150 cruente
403 3086 631 3169 dominaretur,
654 3084 778 3151 occisus
802 3089 862 3150 est.
894 3085 973 3150 hace
996 3087 1077 3148 tem·

61 3175 195 3260 poribus
220 3171 297 3257 Cyri
319 3172 491 3239 Persarum
513 3175 600 3259 regis
624 3177 718 3260 gesta
741 3177 827 3239 sunt.
1177 3220 1182 3252 ,

127 3263 212 3327 Post
243 3262 323 3326 haec
355 3284 432 3327 uero
464 3262 637 3328 Himelcho
669 3284 727 3328 rex
754 3260 1076 3349 Carthaginiensium
1098 3269 1131 3318 10
1169 3270 1184 3321 :¹

24 3365 135 3417 “eum
158 3352 195 3414 in
219 3347 329 3415 Sicilia
351 3349 474 3415 bellum
491 3354 636 3435 gereret,
658 3354 792 3435 repente
814 3347 963 3415 horribili
986 3349 1077 3429 peste

61 3439 240 3506 exercitum
264 3438 382 3503 amisit.
421 3459 482 3503 nec
505 3461 609 3504 mora:
635 3439 766 3522 morbis,
787 3436 910 3522 populo
935 3437 1131 3499 caterua-11

61 3530 122 3594 tim
156 3527 305 3608 cadente,
338 3527 403 3592 cito
437 3527 573 3613 quisque
605 3531 784 3610 correptus,
816 3544 893 3588 mox
923 3526 1079 3607 mortuus,
