2370 3960
126 178 190 240 142
372 180 480 231 PAVLI
499 179 622 231 OROSII
639 179 888 231 HISTORIARVM

125 323 231 386 clades
264 324 359 387 modo
392 323 483 406 pacis
518 323 721 388 condiciones
754 322 1021 406 perhorrescens,
1053 343 1140 387 nunc

123 410 237 474 rebelli
266 410 316 475 int
301 412 445 477 tentione
475 434 562 478 nunc
592 411 732 495 supplici
768 411 864 476 bellis
899 431 1026 495 pacem,
1059 433 1139 494 pace

123 499 211 562 bella
238 501 402 585 mutabat,
429 501 606 566 nouissime
637 500 763 565 miseris
795 499 918 564 ciuibus
948 499 1074 582 passim
1107 520 1141 565 se

122 588 156 650 in
184 587 294 689 ignem
322 551 440 654 ultirira
468 589 726 742 desperatione
717 588 836 653 1acient
821 588 909 652 tibus
932 609 1015 652 unus
1039 608 1141 673 rogus

122 679 195 740 tota
218 676 296 741 cinit
297 699 333 742 as
282 678 437 742 tfuit?
460 679 512 743 cui
535 677 634 742 etiam
657 699 751 762 nunc,
774 677 817 741 sit
906 698 992 760 ruae,
1015 678 1141 742 moeni·
1155 694 1168 735 ⁵

122 765 184 828 bus
209 765 391 850 destitutae,
414 788 490 851 pars
514 767 718 831 miseriarum
737 770 788 830 est
806 699 919 830 auriiie
938 764 1014 849 quid
1032 764 1142 830 fuerit.

88 853 200 918 aedae
185 853 381 939 tHispania
410 855 604 920 sententiam
633 877 737 920 suam:
766 876 839 919 cum
866 875 924 937 per
952 875 1053 918 annos
1082 853 1142 918 du-

124 947 236 1008 centos
268 945 387 1028 ubique
417 964 513 1028 agros
545 965 621 1008 suos
652 944 810 1028 sanguine
843 964 902 1007 suo
932 942 1103 1027 rigabat
1093 964 1142 1006 ιιι-

127 1037 367 1117 portunumque
393 1032 521 1098 hostem
544 1032 630 1096 ultro
655 1031 799 1097 ostiatim
821 1031 1058 1114 inquietantem
1081 1053 1141 1097 nec

125 1122 280 1204 repellere
303 1143 346 1204 po
348 1125 434 1186 teret
455 1142 514 1186 nec
538 1121 712 1204 sustinere,
740 1142 813 1186 cum
842 1141 875 1184 se
904 1119 972 1184 suis
1002 1119 1139 1184 diuersis
1155 1140 1181 1179 10

124 1210 257 1273 urbibus
287 1231 324 1273 ac
353 1209 448 1293 locis,
477 1209 573 1274 fracti
603 1208 698 1274 caede
729 1208 904 1292 bellorum,
934 1207 1141 1272 obsidionum

123 1296 209 1360 fame
238 1297 406 1382 exinaniti,
435 1297 612 1363 interfectis
643 1297 846 1398 coniugibus·
866 1318 903 1362 ac
931 1296 1042 1362 liberis
1074 1298 1141 1362 suis

123 1384 165 1448 ob
198 1384 342 1449 remedia
374 1385 577 1450 miseriarum
616 1407 771 1466 concursu
803 1385 923 1449 misero
957 1406 994 1450 ac
1026 1389 1141 1450 mutua

123 1473 220 1536 caede
247 1473 524 1557 iugulebantp-
485 1475 675 1560 -quidt
675 1496 738 1539 unc
769 1474 807 1538 de
839 1474 905 1537 suis
939 1473 1140 1557 temporibus

89 1558 186 1624 lsenl
190 1561 360 1626 tiebat?
351 1584 423 1645 ipsa
445 1567 611 1646 postremo
636 1562 722 1628 dicat
744 1561 853 1627 Italia:
877 1583 933 1626 eur
955 1583 1012 1645 per
1036 1584 1179 1630 annosi.

122 1649 376 1734 quadringentos
395 1651 551 1717 Romanis
569 1652 680 1736 utique
704 1652 770 1717 suis
794 1650 990 1717 contradixit
1008 1650 1112 1716 obstit
1097 1653 1140 1716 tit
1154 1671 1179 1710 16

121 1739 327 1822 repugnauit,
351 1740 380 1804 si
403 1762 515 1806 eorum
536 1740 676 1806 felicitas
701 1762 760 1805 sna
781 1740 956 1805 infelicitas
979 1761 1045 1804 non
1069 1744 1140 1805 erat

121 1826 352 1912 Romanosque
368 1829 452 1894 'fieri
478 1850 586 1894 rernm
614 1829 762 1895 dominos
793 1829 889 1893 bonis
913 1828 1138 1894 communibus

88 1931 190 1981 8non
214 1916 390 1981 obstabat?
429 1933 496 1982 non
518 1917 647 2002 requiro
676 1918 714 1983 de
737 1917 914 1982 innumeris
937 1917 1139 1981 diuersarum

122 2004 269 2089 gentium
298 2005 428 2089 populis
458 2004 512 2069 diu
529 2010 618 2070 ante
648 2004 774 2090 liberis,
807 2009 885 2071 tuuc
914 2004 1001 2071 bello
1031 2004 1138 2090 uictis,
1152 2024 1179 2064 ιο

121 2093 228 2178 patria
261 2092 422 2177 abductis,
453 2093 559 2176 pretio
592 2095 747 2179 uenditis,
785 2094 942 2159 seruitute
975 2093 1139 2178 dispersis,

122 2181 198 2265 quid
230 2183 309 2247 tunc
342 2181 404 2245 sibi
432 2181 619 2264 maluerint,
650 2182 727 2265 quid
757 2181 796 2246 de
824 2182 981 2248 Romanis
1012 2181 1139 2266 opinati

87 2276 102 2325 9
123 2270 197 2348 sint,
221 2269 298 2352 quid
317 2269 355 2334 de
374 2270 576 2354 temporibus
595 2270 777 2336 iudicarint
811 2272 928 2337 omitto
948 2270 987 2335 de
1006 2271 1138 2356 regibus

121 2378 316 2443 magnarum
339 2374 451 2442 opum,
473 2379 665 2444 magnarum
688 2359 821 2442 uirium,
844 2381 983 2446 maguae
1006 2360 1138 2444 gloriae,

122 2447 177 2512 diu
196 2447 441 2530 potentissimis,
460 2447 634 2531 aliqnando
654 2447 769 2532 captis,
788 2450 950 2514 semiliter
968 2449 1137 2535 catenatis,
1151 2466 1178 2506 ιι

122 2536 182 2600 sub
206 2536 319 2621 iugum
342 2535 466 2619 missis,
489 2540 565 2601 ante
589 2558 719 2602 currum
742 2537 837 2622 actis,
860 2539 895 2603 in
919 2558 1045 2602 earcere
1069 2543 1137 2603 ιιιι-

121 2624 254 2689 cidatis:
277 2645 416 2707 quorum
434 2628 504 2689 tam
523 2626 659 2691 stultum
678 2629 727 2691 est
745 2626 912 2708 exquirere
931 2626 1137 2711 sententiam,

69 2716 101 2764 10
122 2735 220 2795 quam
243 2712 360 2776 durum
381 2734 450 2778 non
473 2714 580 2779 dolere
603 2714 775 2780 miseriam.
820 2734 894 2797 nos,
920 2734 980 2777 nos
1003 2713 1137 2795 inquam

120 2800 209 2882 ipsos
240 2801 391 2884 uitaeque
421 2806 552 2867 nostrae
583 2803 787 2884 electionem,
820 2801 871 2864 cui
902 2798 1136 2885 adquieuimus,

121 2888 337 2953 consulemus.
370 2891 509 2954 maiores
527 2891 633 2954 nostri
650 2889 737 2953 bella
751 2891 928 2971 gesserunt,
946 2885 1042 2950 bellis
1061 2887 1136 2953 fati·
1150 2906 1179 2949 eo

120 2977 189 3060 gati
208 2997 320 3059 pacem
340 2981 488 3060 petentes
511 2977 635 3042 tributa
658 2976 859 3041 obtulerunt:
882 2974 1043 3040 tributum
1066 2998 1139 3060 pre·

68 3072 98 3120 11
120 3065 202 3129 tium
225 3065 316 3148 pacis
339 3069 397 3130 est.
433 3086 494 3130 nos
517 3065 642 3129 tributa
665 3063 886 3148 dependimus,
908 3086 949 3129 ne
972 3063 1060 3130 bella
1082 3088 1138 3152 pa

120 3154 250 3237 tiamur,
274 3175 312 3218 ac
334 3175 392 3237 per
414 3152 477 3219 hoc
501 3154 536 3218 in
553 3158 660 3237 portu,
683 3153 723 3218 ad
742 3174 838 3238 quem
857 3153 907 3217 illi
924 3154 1058 3219 tandem
1076 3177 1136 3238 pro

122 3242 295 3307 enodandis
310 3243 497 3307 melorumt
482 3243 731 3326 tempestatibus
746 3242 972 3329 confugerunt,
989 3265 1050 3308 nos
1065 3264 1136 3308 con-

121 3333 265 3396 sistimus
289 3336 322 3396 ct
345 3353 521 3398 manemus
566 3331 668 3416 igitur
691 3335 805 3398 nostra
827 3335 977 3418 tempora
999 3331 1136 3396 uiderim
1150 3348 1178 3390 ιι

121 3424 232 3486 utrum
259 3420 380 3507 felicia3
408 3423 492 3485 certe
515 3419 661 3485 feliciora
683 3420 751 3486 illis
775 3421 935 3506 ducimus,
965 3419 1022 3504 qui
1051 3419 1136 3522 quod

67 3515 100 3565 12
121 3508 171 3572 illi
199 3510 313 3574 ultime
343 3510 532 3594 delegerunt
559 3532 620 3575 nos
651 3513 728 3575 cont
729 3511 804 3576 inue
833 3509 1124 3594 possidemusin
1089 3531 1136 3573 m-

992 3692 1029 3704 ‘-
