2370 3960
295 201 492 254 inversum
508 201 675 254 eremos
693 202 750 253 nu
768 205 847 256 2-s.
1010 199 1075 266 105

61 345 164 408 solum
188 344 247 408 sed
271 348 304 409 et
326 345 458 410 arbores
483 365 556 410 oum
579 344 653 409 imis
677 345 833 428 stirpibus
854 345 1074 429 absumpsisse

17 454 48 494 m
60 429 234 496 referaltur.

125 519 281 605 Sequenti
300 521 418 586 abhinc
438 542 523 585 anuo
538 519 749 606 Sempronius
769 523 881 586 consul
900 523 1072 587 aduersum
1092 535 1107 583 5

59 609 206 674 Picentes
225 610 317 674 duxit
335 610 520 674 exercitum.
554 612 587 674 et
605 631 678 674 cum
695 610 836 675 directae
850 611 939 676 intra
952 611 1074 676 iactum

36 698 116 762 steli
138 702 278 782 utraque
303 698 388 763 acies
412 698 649 782 constitissent,
677 702 809 782 repento
832 699 881 763 ita
903 721 976 765 cum
999 700 1074 765 hor-

58 787 156 851 rendo
175 786 306 872 fragore
324 790 411 851 terra
428 789 571 869 tremuit,
588 791 626 851 ut
640 790 772 871 stupore
786 787 936 851 miraculi
949 792 1073 851 utrum-

58 897 118 960 que
142 876 352 959 pauefactum
371 896 488 960 agmen
506 875 703 940 hebesceret.
736 876 791 940 diu
810 876 943 940 attoniti
962 876 1073 939 utrim-
1092 890 1108 936 o

58 987 118 1048 que
137 965 252 1049 populi
272 964 477 1029 haesitauere
491 964 712 1049 praeiudicata
724 965 848 1048 incepti
862 964 1074 1050 conscientia,

56 1053 187 1117 tandem
210 1074 367 1137 procursu
391 1053 517 1118 concito
541 1053 641 1117 iniere
665 1056 838 1117 certamen.
874 1053 968 1118 triste
991 1053 1071 1117 adeo
1092 1066 1106 1114 7

22 1161 44 1201 ro
56 1142 90 1205 id
119 1141 242 1205 bellum
269 1142 345 1227 fuit,
375 1145 411 1205 ut
439 1142 555 1206 merito
585 1142 711 1206 dicatur
737 1145 866 1206 tantum
893 1141 1073 1206 humanum

57 1230 250 1314 sanguinem
283 1234 472 1312 susceptura
504 1231 601 1294 etiam
639 1252 712 1295 cum
742 1231 868 1316 gemitu
899 1231 1072 1295 horrisono

56 1322 134 1382 tunc
171 1322 258 1382 terra
294 1320 475 1383 tremuisse.
525 1318 665 1384 Romani
701 1321 796 1402 pauci
829 1319 1002 1384 admodum
1035 1341 1073 1384 eo
1120 1346 1126 1355 ¹

56 1407 183 1490 proelio
207 1408 262 1490 qui
285 1429 416 1472 euasere
439 1408 595 1472 uicerunt.

125 1496 222 1561 Anno
247 1498 287 1560 ab
309 1497 389 1561 urbe
412 1497 545 1561 condita
568 1512 750 1562 coconxxx
773 1497 858 1561 inter
876 1498 979 1561 multa
996 1518 1071 1581 pro·
1090 1500 1107 1556 5

19 1604 42 1644 15
56 1584 147 1668 digia
170 1584 302 1668 sanguis
327 1607 344 1650 e
368 1589 464 1668 terra,
487 1586 538 1649 lac
561 1587 668 1649 uisum
692 1588 742 1650 est
764 1606 898 1650 manare
915 1585 954 1650 de
974 1586 1073 1650 caelo.

55 1695 134 1736 nam
153 1676 186 1737 et
205 1673 355 1757 plurimis
374 1673 454 1737 locis
474 1675 653 1738 scaturiens
673 1695 690 1736 e
708 1673 855 1738 fontibus
871 1695 966 1738 cruor
979 1674 1074 1737 fluxit

55 1766 88 1825 et
118 1761 157 1824 dc
185 1762 327 1825 nubibus
356 1763 513 1846 guttatim
536 1763 569 1826 in
594 1762 735 1845 speciem
757 1762 890 1844 pluuiae
913 1761 997 1825 lacte
1022 1761 1073 1824 de·

55 1851 170 1933 misso,
194 1851 268 1932 diri,
291 1855 329 1913 ut
350 1851 430 1934 ipsis
453 1852 560 1914 uisum
585 1854 643 1934 est,
665 1853 786 1914 terram
808 1850 929 1913 imbres
952 1850 1073 1932 inriga-

55 1941 182 2002 uerunt.
229 1961 266 2003 eo
299 1941 446 2022 tempore
474 1937 760 2023 Carthaginienses
793 1937 870 2003 dato
899 1927 1108 2001 aduersum‘r

16 2047 42 2087 ro
55 2025 224 2091 Romanos
248 2027 368 2092 auxilio
383 2028 578 2112 Tarentinis,
603 2050 675 2092 cum
699 2050 719 2092 a
738 2030 853 2092 senatu
871 2048 929 2111 per
947 2027 1073 2111 legatos

56 2119 284 2200 arguerentur,
315 2117 539 2200 turpissimam
566 2118 655 2200 rupti
682 2116 820 2181 foederis
848 2117 955 2181 labem
982 2136 1074 2200 prae-

56 2207 188 2287 sumpto
213 2205 456 2269 accumulauere
479 2206 614 2288 peiurio.

10 2313 42 2352 aa
125 2293 216 2357 Tunc
235 2294 334 2357 etiam
348 2291 593 2379 Vulsinienses,
613 2294 826 2359 Etruscorum
843 2293 1074 2376 florentissimi,
1093 2305 1108 2351 3

56 2381 183 2445 luxurie
210 2403 313 2465 paene
340 2383 515 2465 perierunt.
561 2405 636 2448 nam
665 2405 751 2467 cum,
781 2383 915 2447 licentia
941 2382 976 2445 in
999 2403 1074 2446 con·

16 2470 262 2535 assuetudinem
285 2474 477 2556 prorogata,
505 2493 617 2536 seruos
641 2493 717 2536 suos
740 2470 863 2555 passim
885 2469 1005 2533 liberos
1029 2469 1074 2532 fa-

57 2564 177 2642 cerent,
192 2559 349 2624 conuiuiis
364 2561 554 2645 allegarent,
568 2560 727 2644 coniugiis
736 2558 961 2624 honestarent:
975 2556 1071 2620 liber·
1090 2567 1108 2615 4

56 2648 119 2710 tini
136 2647 172 2711 in
185 2651 311 2732 partem
325 2650 499 2734 potestatis
512 2649 634 2732 recepti
647 2646 882 2731 plenitudinem
896 2666 955 2729 per
969 2646 1073 2710 scelus

56 2756 214 2820 usurpare
237 2736 387 2802 meditati
410 2741 486 2803 sunt
508 2741 542 2802 et
562 2737 691 2802 liberati
709 2735 877 2802 seruitutis
895 2735 984 2819 iugo,
1007 2755 1073 2798 am·
1124 2750 1129 2759 ·

56 2823 130 2889 bitu
163 2824 394 2891 dominationis
427 2830 577 2892 arserunt
604 2828 638 2890 et
664 2847 745 2912 quos
773 2823 928 2890 dominos.
952 2823 1074 2888 subditi

16 2932 43 2972 ao
58 2914 294 2996 aequanimiter
316 2914 507 3000 dilexerunt,
530 2937 585 2980 eos
607 2916 671 2980 iam
694 2915 798 2997 liberi,
811 2913 906 2999 2qnod
926 2911 1073 2979 dominos

56 3000 160 3065 fuisse
183 3003 412 3087 meminerant,
439 3004 597 3068 exsecrati
621 3009 705 3068 sunt.
749 3004 862 3087 itaque
885 3003 1107 3085 conspiranb

57 3093 106 3154 tes
134 3091 169 3153 in
196 3091 322 3155 facinus
350 3092 562 3156 libertini-
586 3114 723 3176 quorum
746 3094 842 3157 tanta
863 3112 979 3154 manus
1002 3090 1074 3172 fuit,

55 3182 94 3242 ut
117 3180 188 3244 sine
212 3181 434 3246 controuersia
457 3202 536 3246 auso
559 3182 800 3264 potirentur-
814 3182 996 3261 correptam
1020 3198 1072 3239 ur-

56 3267 131 3331 bem
152 3289 210 3332 suo
231 3271 359 3333 tantum
379 3270 491 3354 generi
504 3269 680 3353 uindicant,
698 3269 895 3355 patrimonia
909 3264 1072 3346 coniugia·

14 3374 40 3415 aa
55 3377 119 3440 que
157 3356 363 3421 dominorum
399 3357 462 3423 eibi
483 3379 551 3441 per
583 3359 690 3424 scelus
720 3359 892 3440 usurpant,
929 3355 1073 3416 extorres

54 3446 207 3510 dominos
231 3447 344 3529 procul
363 3446 509 3531 abigrmt,
533 3447 589 3530 qui
607 3448 726 3529 miseri,
750 3446 857 3509 exules
876 3444 1072 3526 egentesque

53 3534 195 3600 Romam
219 3535 422 3599 deferuntur:
447 3534 503 3599 ubi
527 3539 692 3601 ostentata
713 3532 845 3598 miseria
864 3529 1072 3614 querellaque
