<?xml version="1.0" encoding="UTF-8"?>
<!DOCTYPE html PUBLIC "-//W3C//DTD XHTML 1.0 Transitional//EN"
    "http://www.w3.org/TR/xhtml1/DTD/xhtml1-transitional.dtd">
<html xmlns="http://www.w3.org/1999/xhtml" xml:lang="en" lang="en">
 <head>
  <title>
</title>
<meta http-equiv="Content-Type" content="text/html;charset=utf-8" />
  <meta name='ocr-system' content='tesseract 3.04.00' />
  <meta name='ocr-capabilities' content='ocr_page ocr_carea ocr_par ocr_line ocrx_word'/>
</head>
<body>
  <div class='ocr_page' id='page_1' title='image "./pavliorosiihist00orosgoog_0315.png"; bbox 0 0 2370 3960; ppageno 0'>
   <div class='ocr_carea' id='block_1_1' title="bbox 95 171 862 234">
    <p class='ocr_par' dir='ltr' id='par_1_1' title="bbox 95 171 862 234">
     <span class='ocr_line' id='line_1_1' title="bbox 95 171 862 234; baseline -0.012 0"><span class='ocrx_word' id='word_1_1' title='bbox 95 171 161 234; x_wconf 84' lang='lat'>300</span> <span class='ocrx_word' id='word_1_2' title='bbox 340 171 448 223; x_wconf 78' lang='lat' dir='ltr'>PAVLI</span> <span class='ocrx_word' id='word_1_3' title='bbox 467 172 590 225; x_wconf 80' lang='lat' dir='ltr'>oaosn</span> <span class='ocrx_word' id='word_1_4' title='bbox 608 173 862 225; x_wconf 80' lang='lat' dir='ltr'>msaonmnvn</span> 
     </span>
    </p>
   </div>
   <div class='ocr_carea' id='block_1_2' title="bbox 60 315 1108 580">
    <p class='ocr_par' dir='ltr' id='par_1_2' title="bbox 60 315 1108 580">
     <span class='ocr_line' id='line_1_2' title="bbox 60 315 1104 414; baseline 0.01 -40"><span class='ocrx_word' id='word_1_5' title='bbox 60 329 129 379; x_wconf 77' lang='lat' dir='ltr'>ase</span> <span class='ocrx_word' id='word_1_6' title='bbox 153 315 303 414; x_wconf 85' lang='lat' dir='ltr'>inprimis</span> <span class='ocrx_word' id='word_1_7' title='bbox 327 316 441 380; x_wconf 80' lang='lat' dir='ltr'>ardent</span> <span class='ocrx_word' id='word_1_8' title='bbox 427 320 477 380; x_wconf 90' lang='lat' dir='ltr'>ter</span> <span class='ocrx_word' id='word_1_9' title='bbox 499 315 705 400; x_wconf 88' lang='lat' dir='ltr'>inhiasse,u</span> <span class='ocrx_word' id='word_1_10' title='bbox 706 316 827 381; x_wconf 88' lang='lat' dir='ltr'>toblit</span> <span class='ocrx_word' id='word_1_11' title='bbox 812 318 939 383; x_wconf 86' lang='lat' dir='ltr'>tterato</span> <span class='ocrx_word' id='word_1_12' title='bbox 964 317 1104 384; x_wconf 84' lang='lat' dir='ltr'>Romano</span> 
     </span>
     <span class='ocr_line' id='line_1_3' title="bbox 94 402 1107 492; baseline 0.007 -26"><span class='ocrx_word' id='word_1_13' title='bbox 94 404 224 467; x_wconf 91' lang='lat' dir='ltr'>nomine</span> <span class='ocrx_word' id='word_1_14' title='bbox 253 402 438 469; x_wconf 89' lang='lat' dir='ltr'>Romanum</span> <span class='ocrx_word' id='word_1_15' title='bbox 467 426 561 470; x_wconf 91' lang='lat' dir='ltr'>omne</span> <span class='ocrx_word' id='word_1_16' title='bbox 589 405 695 470; x_wconf 92' lang='lat' dir='ltr'>solum</span> <span class='ocrx_word' id='word_1_17' title='bbox 724 403 951 470; x_wconf 74' lang='lat' dir='ltr'><strong>Gothorum</strong></span> <span class='ocrx_word' id='word_1_18' title='bbox 941 407 1107 492; x_wconf 83' lang='lat' dir='ltr'>imperium</span> 
     </span>
     <span class='ocr_line' id='line_1_4' title="bbox 95 491 1108 580; baseline 0.008 -26"><span class='ocrx_word' id='word_1_19' title='bbox 95 495 127 554; x_wconf 90' lang='lat' dir='ltr'>et</span> <span class='ocrx_word' id='word_1_20' title='bbox 154 491 276 555; x_wconf 84' lang='lat' dir='ltr'>faceret</span> <span class='ocrx_word' id='word_1_21' title='bbox 304 496 337 558; x_wconf 94' lang='lat' dir='ltr'>et</span> <span class='ocrx_word' id='word_1_22' title='bbox 367 498 500 559; x_wconf 89' lang='lat' dir='ltr'>uocaret</span> <span class='ocrx_word' id='word_1_23' title='bbox 526 497 688 578; x_wconf 73' lang='lat' dir='ltr'>essetque,</span> <span class='ocrx_word' id='word_1_24' title='bbox 720 496 758 557; x_wconf 95' lang='lat' dir='ltr'>ut</span> <span class='ocrx_word' id='word_1_25' title='bbox 784 495 970 580; x_wconf 84' lang='lat' dir='ltr'>uulgariter</span> <span class='ocrx_word' id='word_1_26' title='bbox 993 496 1108 580; x_wconf 86' lang='lat' dir='ltr'>loquar,</span> 
     </span>
    </p>
   </div>
   <div class='ocr_carea' id='block_1_3' title="bbox 46 579 1183 3595">
    <p class='ocr_par' dir='ltr' id='par_1_3' title="bbox 95 579 1183 664">
     <span class='ocr_line' id='line_1_5' title="bbox 95 579 1183 664; baseline 0.008 -22"><span class='ocrx_word' id='word_1_27' title='bbox 95 579 216 643; x_wconf 86' lang='lat' dir='ltr'>Gothia</span> <span class='ocrx_word' id='word_1_28' title='bbox 236 583 322 664; x_wconf 89' lang='lat' dir='ltr'>quod</span> <span class='ocrx_word' id='word_1_29' title='bbox 341 582 503 649; x_wconf 81' lang='lat' dir='ltr'>Romania</span> <span class='ocrx_word' id='word_1_30' title='bbox 525 583 691 647; x_wconf 84' lang='lat' dir='ltr'>fuissett</span> <span class='ocrx_word' id='word_1_31' title='bbox 661 587 691 646; x_wconf 84' lang='lat' dir='ltr'>et</span> <span class='ocrx_word' id='word_1_32' title='bbox 711 580 806 646; x_wconf 88' lang='lat' dir='ltr'>fieret</span> <span class='ocrx_word' id='word_1_33' title='bbox 826 603 918 648; x_wconf 89' lang='lat' dir='ltr'>nunc</span> <span class='ocrx_word' id='word_1_34' title='bbox 936 583 1108 650; x_wconf 85' lang='lat' dir='ltr'>Athaulfua</span> <span class='ocrx_word' id='word_1_35' title='bbox 1179 580 1183 627; x_wconf 76' lang='lat'>&#39;⁵</span> 
     </span>
    </p>

    <p class='ocr_par' dir='ltr' id='par_1_4' title="bbox 59 669 1183 1378">
     <span class='ocr_line' id='line_1_6' title="bbox 59 669 1183 758; baseline 0.007 -29"><span class='ocrx_word' id='word_1_36' title='bbox 59 669 181 751; x_wconf 77' lang='lat' dir='ltr'>equod</span> <span class='ocrx_word' id='word_1_37' title='bbox 206 671 370 752; x_wconf 89' lang='lat' dir='ltr'>quondam</span> <span class='ocrx_word' id='word_1_38' title='bbox 393 669 513 737; x_wconf 81' lang='lat' dir='ltr'>Caesar</span> <span class='ocrx_word' id='word_1_39' title='bbox 536 671 718 756; x_wconf 87' lang='lat' dir='ltr'>Augustus,</span> <span class='ocrx_word' id='word_1_40' title='bbox 747 674 782 736; x_wconf 91' lang='lat' dir='ltr'>at</span> <span class='ocrx_word' id='word_1_41' title='bbox 808 671 866 735; x_wconf 92' lang='lat' dir='ltr'>ubi</span> <span class='ocrx_word' id='word_1_42' title='bbox 892 673 1003 739; x_wconf 84' lang='lat' dir='ltr'>multa</span> <span class='ocrx_word' id='word_1_43' title='bbox 1026 688 1136 758; x_wconf 73' lang='lat' dir='ltr'>expe-⁵</span> <span class='ocrx_word' id='word_1_44' title='bbox 1181 676 1183 681; x_wconf 81' lang='grc'><strong>’</strong></span> 
     </span>
     <span class='ocr_line' id='line_1_7' title="bbox 95 758 1183 846; baseline 0.003 -26"><span class='ocrx_word' id='word_1_45' title='bbox 95 758 215 822; x_wconf 90' lang='lat' dir='ltr'>rientia</span> <span class='ocrx_word' id='word_1_46' title='bbox 245 760 452 842; x_wconf 88' lang='lat' dir='ltr'>probauisset</span> <span class='ocrx_word' id='word_1_47' title='bbox 481 781 585 844; x_wconf 86' lang='lat' dir='ltr'>neque</span> <span class='ocrx_word' id='word_1_48' title='bbox 615 758 741 825; x_wconf 84' lang='lat' dir='ltr'>Gothos</span> <span class='ocrx_word' id='word_1_49' title='bbox 771 759 839 824; x_wconf 91' lang='lat' dir='ltr'>ullo</span> <span class='ocrx_word' id='word_1_50' title='bbox 870 761 970 828; x_wconf 93' lang='lat' dir='ltr'>modo</span> <span class='ocrx_word' id='word_1_51' title='bbox 1002 784 1110 846; x_wconf 85' lang='lat' dir='ltr'>parere</span> <span class='ocrx_word' id='word_1_52' title='bbox 1181 816 1183 823; x_wconf 93' lang='lat'><em>.</em></span> 
     </span>
     <span class='ocr_line' id='line_1_8' title="bbox 95 846 1110 935; baseline 0.007 -26"><span class='ocrx_word' id='word_1_53' title='bbox 95 846 222 931; x_wconf 88' lang='lat' dir='ltr'>legibus</span> <span class='ocrx_word' id='word_1_54' title='bbox 241 871 337 931; x_wconf 79' lang='lat' dir='ltr'>posse</span> <span class='ocrx_word' id='word_1_55' title='bbox 355 854 488 933; x_wconf 87' lang='lat' dir='ltr'>propter</span> <span class='ocrx_word' id='word_1_56' title='bbox 507 848 697 928; x_wconf 84' lang='lat' dir='ltr'>effrenatam</span> <span class='ocrx_word' id='word_1_57' title='bbox 715 848 901 913; x_wconf 86' lang='lat' dir='ltr'>barbariem</span> <span class='ocrx_word' id='word_1_58' title='bbox 924 871 1036 935; x_wconf 90' lang='lat' dir='ltr'>neque</span> <span class='ocrx_word' id='word_1_59' title='bbox 1056 851 1110 916; x_wconf 87' lang='lat' dir='ltr'>rei·</span> 
     </span>
     <span class='ocr_line' id='line_1_9' title="bbox 96 936 1111 1024; baseline 0.005 -25"><span class='ocrx_word' id='word_1_60' title='bbox 96 937 244 1019; x_wconf 90' lang='lat' dir='ltr'>publicae</span> <span class='ocrx_word' id='word_1_61' title='bbox 262 937 411 1003; x_wconf 74' lang='lat' dir='ltr'>interdici</span> <span class='ocrx_word' id='word_1_62' title='bbox 428 938 518 1024; x_wconf 89' lang='lat' dir='ltr'>leges</span> <span class='ocrx_word' id='word_1_63' title='bbox 533 941 692 1022; x_wconf 79' lang='lat' dir='ltr'>oportere,</span> <span class='ocrx_word' id='word_1_64' title='bbox 711 936 780 1001; x_wconf 87' lang='lat' dir='ltr'>sine</span> <span class='ocrx_word' id='word_1_65' title='bbox 796 937 916 1021; x_wconf 89' lang='lat' dir='ltr'>quibus</span> <span class='ocrx_word' id='word_1_66' title='bbox 931 940 1111 1023; x_wconf 73' lang='lat' dir='ltr'>respublica</span> 
     </span>
     <span class='ocr_line' id='line_1_10' title="bbox 97 1025 1112 1112; baseline 0.005 -25"><span class='ocrx_word' id='word_1_67' title='bbox 97 1047 162 1088; x_wconf 93' lang='lat' dir='ltr'>non</span> <span class='ocrx_word' id='word_1_68' title='bbox 194 1029 243 1088; x_wconf 88' lang='lat' dir='ltr'>est</span> <span class='ocrx_word' id='word_1_69' title='bbox 272 1026 469 1110; x_wconf 81' lang='lat' dir='ltr'>respublica,</span> <span class='ocrx_word' id='word_1_70' title='bbox 500 1026 636 1111; x_wconf 81' lang='lat' dir='ltr'>elegisse</span> <span class='ocrx_word' id='word_1_71' title='bbox 666 1025 790 1107; x_wconf 88' lang='lat' dir='ltr'>saltim,</span> <span class='ocrx_word' id='word_1_72' title='bbox 818 1030 854 1090; x_wconf 85' lang='lat' dir='ltr'>ut</span> <span class='ocrx_word' id='word_1_73' title='bbox 882 1026 1027 1112; x_wconf 80' lang='lat' dir='ltr'>gloriam</span> <span class='ocrx_word' id='word_1_74' title='bbox 1055 1028 1112 1094; x_wconf 90' lang='lat' dir='ltr'>sibi</span> 
     </span>
     <span class='ocr_line' id='line_1_11' title="bbox 97 1113 1142 1201; baseline 0.004 -24"><span class='ocrx_word' id='word_1_75' title='bbox 97 1116 135 1178; x_wconf 85' lang='lat' dir='ltr'>dc</span> <span class='ocrx_word' id='word_1_76' title='bbox 156 1117 355 1181; x_wconf 87' lang='lat' dir='ltr'>restituendo</span> <span class='ocrx_word' id='word_1_77' title='bbox 370 1116 405 1179; x_wconf 93' lang='lat' dir='ltr'>in</span> <span class='ocrx_word' id='word_1_78' title='bbox 418 1116 583 1201; x_wconf 88' lang='lat' dir='ltr'>integrum</span> <span class='ocrx_word' id='word_1_79' title='bbox 596 1114 809 1200; x_wconf 88' lang='lat' dir='ltr'>augendoque</span> <span class='ocrx_word' id='word_1_80' title='bbox 818 1113 970 1180; x_wconf 87' lang='lat' dir='ltr'>Romano</span> <span class='ocrx_word' id='word_1_81' title='bbox 983 1118 1112 1183; x_wconf 89' lang='lat' dir='ltr'>nomine</span> <span class='ocrx_word' id='word_1_82' title='bbox 1122 1131 1142 1172; x_wconf 75' lang='grc' dir='ltr'>ιι</span> 
     </span>
     <span class='ocr_line' id='line_1_12' title="bbox 98 1203 1112 1289; baseline 0.003 -22"><span class='ocrx_word' id='word_1_83' title='bbox 98 1203 279 1268; x_wconf 73' lang='lat' dir='ltr'>Gothorum</span> <span class='ocrx_word' id='word_1_84' title='bbox 289 1205 413 1268; x_wconf 88' lang='lat' dir='ltr'>uiribus</span> <span class='ocrx_word' id='word_1_85' title='bbox 428 1207 596 1288; x_wconf 89' lang='lat' dir='ltr'>quaereret</span> <span class='ocrx_word' id='word_1_86' title='bbox 609 1203 848 1286; x_wconf 82' lang='lat' dir='ltr'>habereturque</span> <span class='ocrx_word' id='word_1_87' title='bbox 863 1203 950 1287; x_wconf 90' lang='lat' dir='ltr'>apud</span> <span class='ocrx_word' id='word_1_88' title='bbox 964 1210 1112 1289; x_wconf 86' lang='lat' dir='ltr'>posteros</span> 
     </span>
     <span class='ocr_line' id='line_1_13' title="bbox 97 1291 1111 1378; baseline 0.005 -24"><span class='ocrx_word' id='word_1_89' title='bbox 97 1291 264 1355; x_wconf 83' lang='lat' dir='ltr'>Romanae</span> <span class='ocrx_word' id='word_1_90' title='bbox 287 1292 505 1356; x_wconf 80' lang='lat' dir='ltr'>restitutionis</span> <span class='ocrx_word' id='word_1_91' title='bbox 529 1293 650 1373; x_wconf 88' lang='lat' dir='ltr'>auctor,</span> <span class='ocrx_word' id='word_1_92' title='bbox 672 1293 847 1375; x_wconf 88' lang='lat' dir='ltr'>postquam</span> <span class='ocrx_word' id='word_1_93' title='bbox 871 1313 943 1357; x_wconf 89' lang='lat' dir='ltr'>esse</span> <span class='ocrx_word' id='word_1_94' title='bbox 967 1315 1037 1359; x_wconf 91' lang='lat' dir='ltr'>non</span> <span class='ocrx_word' id='word_1_95' title='bbox 1058 1315 1111 1378; x_wconf 81' lang='lat' dir='ltr'>po</span> 
     </span>
    </p>

    <p class='ocr_par' dir='ltr' id='par_1_5' title="bbox 64 1379 1144 1729">
     <span class='ocr_line' id='line_1_14' title="bbox 64 1379 1112 1462; baseline 0.009 -23"><span class='ocrx_word' id='word_1_96' title='bbox 64 1391 78 1437; x_wconf 78' lang='grc' dir='ltr'>ι</span> <span class='ocrx_word' id='word_1_97' title='bbox 99 1383 207 1441; x_wconf 85' lang='lat' dir='ltr'>tuerat</span> <span class='ocrx_word' id='word_1_98' title='bbox 230 1380 428 1443; x_wconf 82' lang='lat' dir='ltr'>immutator.</span> <span class='ocrx_word' id='word_1_99' title='bbox 475 1379 516 1443; x_wconf 94' lang='lat' dir='ltr'>ob</span> <span class='ocrx_word' id='word_1_100' title='bbox 540 1379 603 1444; x_wconf 87' lang='lat' dir='ltr'>hoo</span> <span class='ocrx_word' id='word_1_101' title='bbox 627 1381 790 1445; x_wconf 87' lang='lat' dir='ltr'>abstinere</span> <span class='ocrx_word' id='word_1_102' title='bbox 813 1401 834 1443; x_wconf 87' lang='lat' dir='ltr'>a</span> <span class='ocrx_word' id='word_1_103' title='bbox 856 1381 960 1462; x_wconf 92' lang='lat' dir='ltr'>bello,</span> <span class='ocrx_word' id='word_1_104' title='bbox 988 1381 1032 1446; x_wconf 91' lang='lat' dir='ltr'>ob</span> <span class='ocrx_word' id='word_1_105' title='bbox 1054 1382 1112 1448; x_wconf 90' lang='lat' dir='ltr'>hoc</span> 
     </span>
     <span class='ocr_line' id='line_1_15' title="bbox 98 1466 1112 1555; baseline 0.006 -25"><span class='ocrx_word' id='word_1_106' title='bbox 98 1466 223 1530; x_wconf 87' lang='lat' dir='ltr'>inhiare</span> <span class='ocrx_word' id='word_1_107' title='bbox 242 1467 315 1551; x_wconf 86' lang='lat' dir='ltr'>paci</span> <span class='ocrx_word' id='word_1_108' title='bbox 334 1468 507 1550; x_wconf 85' lang='lat' dir='ltr'>nitebatur,</span> <span class='ocrx_word' id='word_1_109' title='bbox 525 1468 698 1552; x_wconf 89' lang='lat' dir='ltr'>praecipue</span> <span class='ocrx_word' id='word_1_110' title='bbox 717 1468 878 1533; x_wconf 89' lang='lat' dir='ltr'>Placidiae</span> <span class='ocrx_word' id='word_1_111' title='bbox 897 1470 1009 1535; x_wconf 84' lang='lat' dir='ltr'>uxoris</span> <span class='ocrx_word' id='word_1_112' title='bbox 1028 1492 1112 1555; x_wconf 86' lang='lat' dir='ltr'>suae,</span> 
     </span>
     <span class='ocr_line' id='line_1_16' title="bbox 98 1556 1144 1643; baseline 0.007 -25"><span class='ocrx_word' id='word_1_113' title='bbox 98 1556 235 1620; x_wconf 88' lang='lat' dir='ltr'>feminae</span> <span class='ocrx_word' id='word_1_114' title='bbox 251 1578 329 1621; x_wconf 91' lang='lat' dir='ltr'>sane</span> <span class='ocrx_word' id='word_1_115' title='bbox 343 1556 474 1643; x_wconf 85' lang='lat' dir='ltr'>ingenio</span> <span class='ocrx_word' id='word_1_116' title='bbox 490 1556 663 1622; x_wconf 84' lang='lat' dir='ltr'>acerrimae</span> <span class='ocrx_word' id='word_1_117' title='bbox 678 1562 710 1622; x_wconf 91' lang='lat' dir='ltr'>et</span> <span class='ocrx_word' id='word_1_118' title='bbox 723 1557 882 1641; x_wconf 85' lang='lat' dir='ltr'>religione</span> <span class='ocrx_word' id='word_1_119' title='bbox 892 1558 975 1623; x_wconf 91' lang='lat' dir='ltr'>satis</span> <span class='ocrx_word' id='word_1_120' title='bbox 985 1561 1144 1643; x_wconf 61' lang='lat' dir='ltr'>probeat</span> 
     </span>
     <span class='ocr_line' id='line_1_17' title="bbox 100 1645 1113 1729; baseline 0.005 -20"><span class='ocrx_word' id='word_1_121' title='bbox 100 1647 139 1709; x_wconf 89' lang='lat' dir='ltr'>ad</span> <span class='ocrx_word' id='word_1_122' title='bbox 155 1647 265 1710; x_wconf 87' lang='lat' dir='ltr'>omnia</span> <span class='ocrx_word' id='word_1_123' title='bbox 279 1646 438 1711; x_wconf 91' lang='lat' dir='ltr'>bonarum</span> <span class='ocrx_word' id='word_1_124' title='bbox 452 1645 694 1712; x_wconf 89' lang='lat' dir='ltr'>ordinationum</span> <span class='ocrx_word' id='word_1_125' title='bbox 708 1666 807 1729; x_wconf 87' lang='lat' dir='ltr'>opera</span> <span class='ocrx_word' id='word_1_126' title='bbox 820 1651 1029 1729; x_wconf 86' lang='lat' dir='ltr'>persuasu-et</span> <span class='ocrx_word' id='word_1_127' title='bbox 1042 1670 1113 1714; x_wconf 78' lang='lat' dir='ltr'>con</span> 
     </span>
    </p>

    <p class='ocr_par' dir='ltr' id='par_1_6' title="bbox 63 1734 1112 1994">
     <span class='ocr_line' id='line_1_18' title="bbox 63 1734 1112 1821; baseline 0.003 -23"><span class='ocrx_word' id='word_1_128' title='bbox 63 1744 78 1791; x_wconf 84' lang='lat'>8</span> <span class='ocrx_word' id='word_1_129' title='bbox 100 1736 173 1799; x_wconf 89' lang='lat' dir='ltr'>silio</span> <span class='ocrx_word' id='word_1_130' title='bbox 197 1739 403 1819; x_wconf 85' lang='lat' dir='ltr'>temperatus.</span> <span class='ocrx_word' id='word_1_131' title='bbox 450 1756 585 1820; x_wconf 89' lang='lat' dir='ltr'>cumque</span> <span class='ocrx_word' id='word_1_132' title='bbox 609 1735 714 1799; x_wconf 91' lang='lat' dir='ltr'>eidem</span> <span class='ocrx_word' id='word_1_133' title='bbox 736 1734 809 1818; x_wconf 88' lang='lat' dir='ltr'>paci</span> <span class='ocrx_word' id='word_1_134' title='bbox 831 1735 993 1817; x_wconf 88' lang='lat' dir='ltr'>petendae</span> <span class='ocrx_word' id='word_1_135' title='bbox 1017 1739 1112 1821; x_wconf 86' lang='lat' dir='ltr'>atque</span> 
     </span>
     <span class='ocr_line' id='line_1_19' title="bbox 100 1823 1112 1906; baseline 0.003 -18"><span class='ocrx_word' id='word_1_136' title='bbox 100 1824 281 1889; x_wconf 85' lang='lat' dir='ltr'>offerendae</span> <span class='ocrx_word' id='word_1_137' title='bbox 310 1823 547 1889; x_wconf 89' lang='lat' dir='ltr'>studiosissime</span> <span class='ocrx_word' id='word_1_138' title='bbox 574 1823 753 1906; x_wconf 87' lang='lat' dir='ltr'>insisteret,</span> <span class='ocrx_word' id='word_1_139' title='bbox 781 1823 867 1906; x_wconf 89' lang='lat' dir='ltr'>apud</span> <span class='ocrx_word' id='word_1_140' title='bbox 895 1823 1112 1891; x_wconf 88' lang='lat' dir='ltr'>Barcinonam</span> 
     </span>
     <span class='ocr_line' id='line_1_20' title="bbox 99 1911 1112 1994; baseline 0.003 -19"><span class='ocrx_word' id='word_1_141' title='bbox 99 1912 277 1994; x_wconf 87' lang='lat' dir='ltr'>Hispaniae</span> <span class='ocrx_word' id='word_1_142' title='bbox 300 1914 415 1978; x_wconf 91' lang='lat' dir='ltr'>urbem</span> <span class='ocrx_word' id='word_1_143' title='bbox 439 1912 514 1977; x_wconf 92' lang='lat' dir='ltr'>dolo</span> <span class='ocrx_word' id='word_1_144' title='bbox 539 1934 684 1994; x_wconf 87' lang='lat' dir='ltr'>suornm,</span> <span class='ocrx_word' id='word_1_145' title='bbox 706 1915 743 1976; x_wconf 92' lang='lat' dir='ltr'>ut</span> <span class='ocrx_word' id='word_1_146' title='bbox 766 1911 881 1990; x_wconf 83' lang='lat' dir='ltr'>fertur,</span> <span class='ocrx_word' id='word_1_147' title='bbox 905 1914 1033 1979; x_wconf 88' lang='lat' dir='ltr'>occisus</span> <span class='ocrx_word' id='word_1_148' title='bbox 1057 1919 1112 1980; x_wconf 87' lang='lat' dir='ltr'>est.</span> 
     </span>
    </p>

    <p class='ocr_par' dir='ltr' id='par_1_7' title="bbox 65 1998 1144 2240">
     <span class='ocr_line' id='line_1_21' title="bbox 65 1998 1144 2085; baseline 0.005 -22"><span class='ocrx_word' id='word_1_149' title='bbox 65 2010 80 2056; x_wconf 84' lang='grc'><strong>9</strong></span> <span class='ocrx_word' id='word_1_150' title='bbox 168 2000 246 2064; x_wconf 91' lang='lat' dir='ltr'>Post</span> <span class='ocrx_word' id='word_1_151' title='bbox 277 2000 362 2065; x_wconf 88' lang='lat' dir='ltr'>hunc</span> <span class='ocrx_word' id='word_1_152' title='bbox 392 1999 560 2085; x_wconf 87' lang='lat' dir='ltr'>Segericus</span> <span class='ocrx_word' id='word_1_153' title='bbox 593 2022 650 2065; x_wconf 87' lang='lat' dir='ltr'>rex</span> <span class='ocrx_word' id='word_1_154' title='bbox 680 2022 700 2065; x_wconf 89' lang='lat' dir='ltr'>a</span> <span class='ocrx_word' id='word_1_155' title='bbox 729 1998 846 2065; x_wconf 82' lang='lat' dir='ltr'>Gothis</span> <span class='ocrx_word' id='word_1_156' title='bbox 879 2005 1021 2067; x_wconf 91' lang='lat' dir='ltr'>creatus·</span> <span class='ocrx_word' id='word_1_157' title='bbox 1042 2015 1144 2068; x_wconf 64' lang='lat' dir='ltr'>cumr⁰</span> 
     </span>
     <span class='ocr_line' id='line_1_22' title="bbox 99 2087 1112 2173; baseline 0.006 -22"><span class='ocrx_word' id='word_1_158' title='bbox 99 2089 210 2152; x_wconf 89' lang='lat' dir='ltr'>itidem</span> <span class='ocrx_word' id='word_1_159' title='bbox 229 2089 347 2152; x_wconf 88' lang='lat' dir='ltr'>iudicio</span> <span class='ocrx_word' id='word_1_160' title='bbox 365 2087 427 2152; x_wconf 90' lang='lat' dir='ltr'>Dei</span> <span class='ocrx_word' id='word_1_161' title='bbox 446 2089 486 2153; x_wconf 91' lang='lat' dir='ltr'>ad</span> <span class='ocrx_word' id='word_1_162' title='bbox 504 2109 619 2170; x_wconf 90' lang='lat' dir='ltr'>pacem</span> <span class='ocrx_word' id='word_1_163' title='bbox 637 2110 760 2172; x_wconf 89' lang='lat' dir='ltr'>pronus</span> <span class='ocrx_word' id='word_1_164' title='bbox 782 2093 878 2173; x_wconf 89' lang='lat' dir='ltr'>esset,</span> <span class='ocrx_word' id='word_1_165' title='bbox 900 2090 1112 2157; x_wconf 86' lang='lat' dir='ltr'>nihilominus</span> 
     </span>
     <span class='ocr_line' id='line_1_23' title="bbox 98 2176 502 2240; baseline 0.005 -2"><span class='ocrx_word' id='word_1_166' title='bbox 98 2198 117 2238; x_wconf 88' lang='lat' dir='ltr'>a</span> <span class='ocrx_word' id='word_1_167' title='bbox 141 2178 208 2238; x_wconf 89' lang='lat' dir='ltr'>suis</span> <span class='ocrx_word' id='word_1_168' title='bbox 231 2176 420 2240; x_wconf 88' lang='lat' dir='ltr'>interfectus</span> <span class='ocrx_word' id='word_1_169' title='bbox 444 2181 502 2240; x_wconf 88' lang='lat' dir='ltr'>est.</span> 
     </span>
    </p>

    <p class='ocr_par' dir='ltr' id='par_1_8' title="bbox 47 2263 1113 2439">
     <span class='ocr_line' id='line_1_24' title="bbox 47 2263 1113 2351; baseline 0.012 -30"><span class='ocrx_word' id='word_1_170' title='bbox 47 2274 78 2321; x_wconf 90' lang='lat'>10</span> <span class='ocrx_word' id='word_1_171' title='bbox 165 2263 288 2328; x_wconf 88' lang='lat' dir='ltr'>Deinde</span> <span class='ocrx_word' id='word_1_172' title='bbox 312 2263 422 2328; x_wconf 91' lang='lat' dir='ltr'>Vallia</span> <span class='ocrx_word' id='word_1_173' title='bbox 446 2264 600 2330; x_wconf 90' lang='lat' dir='ltr'>successit</span> <span class='ocrx_word' id='word_1_174' title='bbox 622 2264 656 2328; x_wconf 94' lang='lat' dir='ltr'>in</span> <span class='ocrx_word' id='word_1_175' title='bbox 682 2286 819 2351; x_wconf 89' lang='lat' dir='ltr'>regnum</span> <span class='ocrx_word' id='word_1_176' title='bbox 843 2266 970 2332; x_wconf 90' lang='lat' dir='ltr'>adhoc</span> <span class='ocrx_word' id='word_1_177' title='bbox 993 2269 1113 2334; x_wconf 85' lang='lat' dir='ltr'>electus</span> 
     </span>
     <span class='ocr_line' id='line_1_25' title="bbox 99 2352 1113 2439; baseline 0.003 -21"><span class='ocrx_word' id='word_1_178' title='bbox 99 2352 271 2438; x_wconf 82' lang='lat' dir='ltr'>aGothis,</span> <span class='ocrx_word' id='word_1_179' title='bbox 299 2358 337 2418; x_wconf 89' lang='lat' dir='ltr'>ut</span> <span class='ocrx_word' id='word_1_180' title='bbox 364 2377 476 2439; x_wconf 88' lang='lat' dir='ltr'>pacem</span> <span class='ocrx_word' id='word_1_181' title='bbox 504 2353 708 2439; x_wconf 84' lang='lat' dir='ltr'>infringeret,</span> <span class='ocrx_word' id='word_1_182' title='bbox 736 2355 776 2420; x_wconf 91' lang='lat' dir='ltr'>ad</span> <span class='ocrx_word' id='word_1_183' title='bbox 806 2354 868 2419; x_wconf 91' lang='lat' dir='ltr'>hoc</span> <span class='ocrx_word' id='word_1_184' title='bbox 897 2356 1067 2423; x_wconf 59' lang='lat' dir='ltr'>ordinatas</span> <span class='ocrx_word' id='word_1_185' title='bbox 1094 2379 1113 2421; x_wconf 88' lang='lat' dir='ltr'>a</span> 
     </span>
    </p>

    <p class='ocr_par' dir='ltr' id='par_1_9' title="bbox 48 2443 1183 2882">
     <span class='ocr_line' id='line_1_26' title="bbox 48 2443 1146 2528; baseline 0.003 -20"><span class='ocrx_word' id='word_1_186' title='bbox 48 2455 78 2500; x_wconf 93' lang='lat'>11</span> <span class='ocrx_word' id='word_1_187' title='bbox 99 2444 185 2527; x_wconf 86' lang='lat' dir='ltr'>Deo,</span> <span class='ocrx_word' id='word_1_188' title='bbox 215 2446 252 2507; x_wconf 89' lang='lat' dir='ltr'>ut</span> <span class='ocrx_word' id='word_1_189' title='bbox 283 2466 396 2528; x_wconf 92' lang='lat' dir='ltr'>pacem</span> <span class='ocrx_word' id='word_1_190' title='bbox 427 2445 640 2510; x_wconf 87' lang='lat' dir='ltr'>confirmaret.</span> <span class='ocrx_word' id='word_1_191' title='bbox 618 2444 745 2509; x_wconf 87' lang='lat' dir='ltr'>thie</span> <span class='ocrx_word' id='word_1_192' title='bbox 775 2443 837 2528; x_wconf 85' lang='lat' dir='ltr'>igit</span> <span class='ocrx_word' id='word_1_193' title='bbox 838 2465 947 2507; x_wconf 80' lang='grc' dir='ltr'>ιιι-</span> <span class='ocrx_word' id='word_1_194' title='bbox 980 2447 1146 2511; x_wconf 74' lang='lat' dir='ltr'>territua2⁶</span> 
     </span>
     <span class='ocr_line' id='line_1_27' title="bbox 99 2533 1113 2619; baseline 0.003 -22"><span class='ocrx_word' id='word_1_195' title='bbox 99 2537 240 2598; x_wconf 82' lang='lat' dir='ltr'>maxime</span> <span class='ocrx_word' id='word_1_196' title='bbox 265 2534 383 2600; x_wconf 91' lang='lat' dir='ltr'>iudicio</span> <span class='ocrx_word' id='word_1_197' title='bbox 412 2534 488 2618; x_wconf 89' lang='lat' dir='ltr'>Dei,</span> <span class='ocrx_word' id='word_1_198' title='bbox 517 2534 594 2619; x_wconf 87' lang='lat' dir='ltr'>quia</span> <span class='ocrx_word' id='word_1_199' title='bbox 621 2556 693 2599; x_wconf 89' lang='lat' dir='ltr'>cum</span> <span class='ocrx_word' id='word_1_200' title='bbox 721 2553 841 2617; x_wconf 88' lang='lat' dir='ltr'>magna</span> <span class='ocrx_word' id='word_1_201' title='bbox 869 2533 1037 2616; x_wconf 87' lang='lat' dir='ltr'>superiore</span> <span class='ocrx_word' id='word_1_202' title='bbox 1061 2535 1113 2600; x_wconf 86' lang='lat' dir='ltr'>ab·</span> 
     </span>
     <span class='ocr_line' id='line_1_28' title="bbox 98 2587 1113 2708; baseline 0.002 -24"><span class='ocrx_word' id='word_1_203' title='bbox 98 2623 174 2685; x_wconf 88' lang='lat' dir='ltr'>hinc</span> <span class='ocrx_word' id='word_1_204' title='bbox 204 2645 289 2688; x_wconf 91' lang='lat' dir='ltr'>anno</span> <span class='ocrx_word' id='word_1_205' title='bbox 318 2587 499 2689; x_wconf 74' lang='lat' dir='ltr'>Gothorum</span> <span class='ocrx_word' id='word_1_206' title='bbox 528 2645 643 2688; x_wconf 90' lang='lat' dir='ltr'>manus</span> <span class='ocrx_word' id='word_1_207' title='bbox 670 2624 736 2687; x_wconf 89' lang='lat' dir='ltr'>inst</span> <span class='ocrx_word' id='word_1_208' title='bbox 722 2625 830 2687; x_wconf 89' lang='lat' dir='ltr'>tructa</span> <span class='ocrx_word' id='word_1_209' title='bbox 858 2621 957 2685; x_wconf 91' lang='lat' dir='ltr'>armis</span> <span class='ocrx_word' id='word_1_210' title='bbox 988 2623 1113 2708; x_wconf 84' lang='lat' dir='ltr'>nauigi-</span> 
     </span>
     <span class='ocr_line' id='line_1_29' title="bbox 98 2702 1113 2793; baseline 0.005 -23"><span class='ocrx_word' id='word_1_211' title='bbox 98 2713 190 2790; x_wconf 89' lang='lat' dir='ltr'>isque</span> <span class='ocrx_word' id='word_1_212' title='bbox 205 2711 367 2775; x_wconf 88' lang='lat' dir='ltr'>transire</span> <span class='ocrx_word' id='word_1_213' title='bbox 358 2734 393 2775; x_wconf 90' lang='lat' dir='ltr'>m</span> <span class='ocrx_word' id='word_1_214' title='bbox 402 2712 548 2776; x_wconf 82' lang='lat' dir='ltr'>Africam</span> <span class='ocrx_word' id='word_1_215' title='bbox 562 2702 762 2793; x_wconf 88' lang='lat' dir='ltr'>moliretur,</span> <span class='ocrx_word' id='word_1_216' title='bbox 752 2733 786 2774; x_wconf 94' lang='grc' dir='ltr'>ιιι</span> <span class='ocrx_word' id='word_1_217' title='bbox 800 2708 968 2775; x_wconf 90' lang='lat' dir='ltr'>duodecim</span> <span class='ocrx_word' id='word_1_218' title='bbox 983 2711 1113 2776; x_wconf 91' lang='lat' dir='ltr'>milibus</span> 
     </span>
     <span class='ocr_line' id='line_1_30' title="bbox 99 2796 1183 2882; baseline 0.006 -26"><span class='ocrx_word' id='word_1_219' title='bbox 99 2816 254 2876; x_wconf 85' lang='lat' dir='ltr'>passuum</span> <span class='ocrx_word' id='word_1_220' title='bbox 270 2796 368 2861; x_wconf 74' lang='lat' dir='ltr'>(ladit</span> <span class='ocrx_word' id='word_1_221' title='bbox 354 2803 423 2862; x_wconf 85' lang='lat' dir='ltr'>tanr</span> <span class='ocrx_word' id='word_1_222' title='bbox 414 2801 514 2864; x_wconf 89' lang='lat' dir='ltr'>freti</span> <span class='ocrx_word' id='word_1_223' title='bbox 487 2797 735 2881; x_wconf 75' lang='lat' dir='ltr'>tltempestate</span> <span class='ocrx_word' id='word_1_224' title='bbox 755 2803 915 2882; x_wconf 88' lang='lat' dir='ltr'>correpta,</span> <span class='ocrx_word' id='word_1_225' title='bbox 932 2798 1143 2874; x_wconf 77' lang='lat' dir='ltr'>miserabilia</span> <span class='ocrx_word' id='word_1_226' title='bbox 1154 2805 1183 2852; x_wconf 65' lang='grc' dir='ltr'>ιι</span> 
     </span>
    </p>

    <p class='ocr_par' dir='ltr' id='par_1_10' title="bbox 46 2882 1151 3409">
     <span class='ocr_line' id='line_1_31' title="bbox 46 2882 1149 2982; baseline 0.011 -42"><span class='ocrx_word' id='word_1_227' title='bbox 46 2893 79 2939; x_wconf 83' lang='lat'>12</span> <span class='ocrx_word' id='word_1_228' title='bbox 99 2882 165 2944; x_wconf 85' lang='lat' dir='ltr'>exit</span> <span class='ocrx_word' id='word_1_229' title='bbox 166 2905 186 2943; x_wconf 89' lang='lat' dir='ltr'>u</span> <span class='ocrx_word' id='word_1_230' title='bbox 201 2883 349 2982; x_wconf 83' lang='lat' dir='ltr'>perierat,</span> <span class='ocrx_word' id='word_1_231' title='bbox 368 2907 492 2950; x_wconf 88' lang='lat' dir='ltr'>memor</span> <span class='ocrx_word' id='word_1_232' title='bbox 506 2887 606 2950; x_wconf 88' lang='lat' dir='ltr'>etiam</span> <span class='ocrx_word' id='word_1_233' title='bbox 624 2887 711 2950; x_wconf 87' lang='lat' dir='ltr'>illius</span> <span class='ocrx_word' id='word_1_234' title='bbox 730 2888 881 2966; x_wconf 85' lang='lat' dir='ltr'>acceptae</span> <span class='ocrx_word' id='word_1_235' title='bbox 902 2887 963 2951; x_wconf 91' lang='lat' dir='ltr'>sub</span> <span class='ocrx_word' id='word_1_236' title='bbox 977 2886 1111 2954; x_wconf 80' lang='lat' dir='ltr'>Alarico</span> <span class='ocrx_word' id='word_1_237' title='bbox 1124 2895 1149 2943; x_wconf 63' lang='grc' dir='ltr'>ιι</span> 
     </span>
     <span class='ocr_line' id='line_1_32' title="bbox 98 2968 1112 3059; baseline 0.007 -26"><span class='ocrx_word' id='word_1_238' title='bbox 98 2968 207 3050; x_wconf 88' lang='lat' dir='ltr'>cladis,</span> <span class='ocrx_word' id='word_1_239' title='bbox 231 2990 303 3032; x_wconf 91' lang='lat' dir='ltr'>cum</span> <span class='ocrx_word' id='word_1_240' title='bbox 326 2969 362 3032; x_wconf 95' lang='lat' dir='ltr'>in</span> <span class='ocrx_word' id='word_1_241' title='bbox 386 2969 532 3036; x_wconf 86' lang='lat' dir='ltr'>Siciliam</span> <span class='ocrx_word' id='word_1_242' title='bbox 556 2972 693 3037; x_wconf 82' lang='lat' dir='ltr'>Gothit</span> <span class='ocrx_word' id='word_1_243' title='bbox 679 2972 816 3036; x_wconf 87' lang='lat' dir='ltr'>transire</span> <span class='ocrx_word' id='word_1_244' title='bbox 840 2975 991 3059; x_wconf 88' lang='lat' dir='ltr'>conati,</span> <span class='ocrx_word' id='word_1_245' title='bbox 980 2998 1016 3042; x_wconf 90' lang='lat' dir='ltr'>m</span> <span class='ocrx_word' id='word_1_246' title='bbox 1039 2998 1112 3043; x_wconf 89' lang='lat' dir='ltr'>oon-</span> 
     </span>
     <span class='ocr_line' id='line_1_33' title="bbox 100 3020 1110 3143; baseline 0.005 -19"><span class='ocrx_word' id='word_1_247' title='bbox 100 3020 211 3143; x_wconf 77' lang='lat' dir='ltr'>spectd</span> <span class='ocrx_word' id='word_1_248' title='bbox 231 3077 360 3122; x_wconf 91' lang='lat' dir='ltr'>suorum</span> <span class='ocrx_word' id='word_1_249' title='bbox 379 3058 609 3123; x_wconf 89' lang='lat' dir='ltr'>miserabiliter</span> <span class='ocrx_word' id='word_1_250' title='bbox 629 3059 750 3143; x_wconf 87' lang='lat' dir='ltr'>arrepti</span> <span class='ocrx_word' id='word_1_251' title='bbox 769 3064 801 3124; x_wconf 92' lang='lat' dir='ltr'>et</span> <span class='ocrx_word' id='word_1_252' title='bbox 819 3025 958 3127; x_wconf 91' lang='lat' dir='ltr'>demersi</span> <span class='ocrx_word' id='word_1_253' title='bbox 976 3068 1110 3129; x_wconf 90' lang='lat' dir='ltr'>sunt-</span> 
     </span>
     <span class='ocr_line' id='line_1_34' title="bbox 98 3145 1112 3252; baseline 0.003 -39"><span class='ocrx_word' id='word_1_254' title='bbox 98 3171 211 3252; x_wconf 81' lang='lat' dir='ltr'>pacem</span> <span class='ocrx_word' id='word_1_255' title='bbox 231 3146 386 3230; x_wconf 90' lang='lat' dir='ltr'>optimam</span> <span class='ocrx_word' id='word_1_256' title='bbox 401 3166 473 3209; x_wconf 91' lang='lat' dir='ltr'>cum</span> <span class='ocrx_word' id='word_1_257' title='bbox 488 3145 636 3211; x_wconf 92' lang='lat' dir='ltr'>Honorio</span> <span class='ocrx_word' id='word_1_258' title='bbox 650 3147 857 3235; x_wconf 88' lang='lat' dir='ltr'>imperatore,</span> <span class='ocrx_word' id='word_1_259' title='bbox 876 3149 942 3216; x_wconf 87' lang='lat' dir='ltr'>dat</span> <span class='ocrx_word' id='word_1_260' title='bbox 917 3155 961 3216; x_wconf 84' lang='lat' dir='ltr'>trs</span> <span class='ocrx_word' id='word_1_261' title='bbox 975 3152 1112 3218; x_wconf 90' lang='lat' dir='ltr'>lectissi-</span> 
     </span>
     <span class='ocr_line' id='line_1_35' title="bbox 99 3233 1111 3323; baseline 0.003 -21"><span class='ocrx_word' id='word_1_262' title='bbox 99 3240 161 3302; x_wconf 89' lang='lat' dir='ltr'>mis</span> <span class='ocrx_word' id='word_1_263' title='bbox 186 3236 350 3303; x_wconf 91' lang='lat' dir='ltr'>obsidibus</span> <span class='ocrx_word' id='word_1_264' title='bbox 373 3234 512 3320; x_wconf 80' lang='lat' dir='ltr'>pepigit,</span> <span class='ocrx_word' id='word_1_265' title='bbox 536 3233 714 3299; x_wconf 89' lang='lat' dir='ltr'>Plaoidiam</span> <span class='ocrx_word' id='word_1_266' title='bbox 736 3237 942 3323; x_wconf 85' lang='lat' dir='ltr'>imperatoris</span> <span class='ocrx_word' id='word_1_267' title='bbox 966 3261 1111 3306; x_wconf 90' lang='lat' dir='ltr'>sororem</span> 
     </span>
     <span class='ocr_line' id='line_1_36' title="bbox 98 3323 1151 3412; baseline 0.003 -22"><span class='ocrx_word' id='word_1_268' title='bbox 98 3327 274 3392; x_wconf 90' lang='lat' dir='ltr'>honorifice</span> <span class='ocrx_word' id='word_1_269' title='bbox 298 3325 382 3409; x_wconf 90' lang='lat' dir='ltr'>apud</span> <span class='ocrx_word' id='word_1_270' title='bbox 406 3345 440 3389; x_wconf 89' lang='lat' dir='ltr'>se</span> <span class='ocrx_word' id='word_1_271' title='bbox 457 3324 658 3407; x_wconf 89' lang='lat' dir='ltr'>honesteque</span> <span class='ocrx_word' id='word_1_272' title='bbox 676 3323 825 3391; x_wconf 88' lang='lat' dir='ltr'>habitam</span> <span class='ocrx_word' id='word_1_273' title='bbox 842 3327 938 3392; x_wconf 82' lang='lat' dir='ltr'>fratri</span> <span class='ocrx_word' id='word_1_274' title='bbox 955 3327 1108 3412; x_wconf 82' lang='lat' dir='ltr'>reddidit3</span> <span class='ocrx_word' id='word_1_275' title='bbox 1101 3343 1151 3385; x_wconf 71' lang='lat'>·³⁶</span> 
     </span>
    </p>

    <p class='ocr_par' dir='ltr' id='par_1_11' title="bbox 47 3412 1110 3595">
     <span class='ocr_line' id='line_1_37' title="bbox 47 3412 1109 3498; baseline 0.003 -20"><span class='ocrx_word' id='word_1_276' title='bbox 47 3425 79 3472; x_wconf 87' lang='lat'>13</span> <span class='ocrx_word' id='word_1_277' title='bbox 98 3414 266 3481; x_wconf 86' lang='lat' dir='ltr'>Romanae</span> <span class='ocrx_word' id='word_1_278' title='bbox 282 3414 448 3479; x_wconf 88' lang='lat' dir='ltr'>securitati</span> <span class='ocrx_word' id='word_1_279' title='bbox 461 3412 640 3498; x_wconf 88' lang='lat' dir='ltr'>periculum</span> <span class='ocrx_word' id='word_1_280' title='bbox 654 3433 748 3477; x_wconf 90' lang='lat' dir='ltr'>suum</span> <span class='ocrx_word' id='word_1_281' title='bbox 762 3414 889 3492; x_wconf 89' lang='lat' dir='ltr'>obtulit,</span> <span class='ocrx_word' id='word_1_282' title='bbox 903 3419 940 3478; x_wconf 91' lang='lat' dir='ltr'>ut</span> <span class='ocrx_word' id='word_1_283' title='bbox 953 3417 1109 3481; x_wconf 87' lang='lat' dir='ltr'>aduersus</span> 
     </span>
     <span class='ocr_line' id='line_1_38' title="bbox 100 3498 1110 3595; baseline 0.004 -30"><span class='ocrx_word' id='word_1_284' title='bbox 100 3508 222 3567; x_wconf 84' lang='lat' dir='ltr'>ceteras</span> <span class='ocrx_word' id='word_1_285' title='bbox 247 3507 375 3588; x_wconf 91' lang='lat' dir='ltr'>gentes,</span> <span class='ocrx_word' id='word_1_286' title='bbox 404 3525 486 3588; x_wconf 87' lang='lat' dir='ltr'>quae</span> <span class='ocrx_word' id='word_1_287' title='bbox 509 3523 566 3587; x_wconf 86' lang='lat' dir='ltr'>per</span> <span class='ocrx_word' id='word_1_288' title='bbox 588 3498 767 3595; x_wconf 77' lang='lat' dir='ltr'>Hispanias</span> <span class='ocrx_word' id='word_1_289' title='bbox 790 3502 1024 3588; x_wconf 80' lang='lat' dir='ltr'>consedissent,</span> <span class='ocrx_word' id='word_1_290' title='bbox 1047 3505 1110 3570; x_wconf 88' lang='lat' dir='ltr'>sibi</span> 
     </span>
    </p>
   </div>
   <div class='ocr_carea' id='block_1_4' title="bbox 0 0 1196 3960">
    <p class='ocr_par' dir='ltr' id='par_1_12' title="bbox 0 0 1196 3960">
     <span class='ocr_line' id='line_1_39' title="bbox 0 0 1196 3960; baseline 0 0"><span class='ocrx_word' id='word_1_291' title='bbox 0 0 1196 3960; x_wconf 95' lang='lat' dir='ltr'> </span> 
     </span>
    </p>
   </div>
  </div>
 </body>
</html>
