2370 3960
136 191 198 255 108
381 193 490 244 PAVLI
509 192 632 245 OROSII
649 193 899 245 HISTORIABVM

131 337 199 401 iam
221 355 281 399 nec
305 334 537 418 sepeliebatur:
561 337 651 400 cuius
666 337 753 399 'mali
776 335 909 399 nuntius
933 357 1006 399 cum
1031 337 1150 401 attoni-

131 431 200 488 tam
223 424 395 506 repentino
416 423 508 488 luctu
532 422 764 509 Carthaginem
787 424 987 507 replenisset,
1009 445 1078 488 non
1102 447 1152 489 se-

80 524 112 574 12
131 534 188 577 cus
212 534 250 576 ac
274 513 302 576 si
325 515 423 595 capta
445 517 532 577 esset
554 514 685 577 turbata
708 512 824 577 ciuitas
843 512 915 577 fuit.
948 513 1061 576 omnia
1078 514 1153 578 ulu-

130 601 252 665 latibus
285 601 519 684 personabant,
557 601 685 665 clausae
716 601 836 685 ubique
868 601 999 684 ianuae,
1032 605 1152 667 cuncta

129 689 263 772 publica
280 689 472 773 priuataque
491 689 597 754 officia
615 689 777 773 damnata,
796 690 941 755 uniuersi
961 691 1001 753 ad
1017 694 1151 772 portum

131 777 307 842 decurrunt
330 778 592 862 egredientesque
611 777 649 842 de
668 779 809 843 nauibus
829 775 967 877 lpaucff,
990 779 1046 862 qui
1065 779 1179 847 cladis

79 880 112 928 13
134 867 369 952 superfuerant,
389 866 428 930 de
448 867 514 931 suis
532 871 775 950 percontantur.
807 871 982 952 postquam
1001 867 1040 931 de
1059 868 1152 933 clade

133 978 275 1036 suorum,
297 955 481 1020 tacentibus
499 955 566 1021 illis
585 957 640 1021 uel
658 957 871 1043 gementibus,
894 957 1005 1020 miseri
1022 956 1151 1022 intelle-

133 1049 226 1130 gunt,
240 1048 317 1109 tunc
331 1047 402 1110 toto
417 1044 512 1109 litore
526 1046 754 1129 plangentium
766 1067 870 1128 voces,
884 1048 962 1109 tunc
971 1044 1151 1110 infelicium

81 1147 114 1195 14
133 1138 276 1198 matrum
298 1132 443 1197 ululatus
468 1137 500 1197 et
517 1135 643 1199 flebiles
664 1135 826 1218 querellae
846 1133 1069 1199 audiebantur.
1102 1134 1150 1198 in·
1166 1155 1185 1192 11

132 1225 183 1286 ter
210 1222 291 1286 haec
318 1222 465 1304 procedit
488 1225 520 1286 et
543 1223 613 1305 ipse
637 1223 675 1286 de
698 1223 775 1286 naui
800 1243 858 1286 sua
880 1223 1058 1305 imperator
1081 1243 1150 1286 sor-

132 1310 208 1374 dida
232 1311 405 1394 seruilique
427 1311 538 1385 tunica
557 1311 745 1394 discinctus,
770 1311 810 1375 ad
829 1310 919 1374 cuius
939 1313 1151 1394 conspectum

132 1396 323 1483 ¹plangentia
345 1399 527 1483 iunguntur
551 1400 695 1484 agmina3
723 1400 794 1482 ipse
818 1420 945 1483 quoque
968 1421 1084 1464 manus
1108 1399 1151 1464 ad

132 1488 258 1551 caelum
285 1487 420 1552 tendens
448 1490 534 1551 n‘unc
562 1509 653 1552 suam
681 1510 767 1553 nunc
789 1487 954 1571 publicam
977 1488 1151 1553 infelicita-

81 1590 113 1639 15
132 1579 200 1640 tem
228 1579 358 1641 accusat
385 1579 418 1640 et
445 1576 555 1660 deflet3
587 1577 628 1641 ad
655 1581 856 1660 postremum
884 1576 1068 1641 uociferans
1091 1599 1151 1661 per
1165 1598 1185 1634 1·

133 1665 260 1748 urbem,
282 1665 414 1729 tandem
437 1665 603 1750 ingressus
627 1666 772 1750 domum,
803 1669 949 1744 cunctos,
979 1666 1034 1749 qui
1057 1665 1150 1729 lacri-

133 1757 261 1818 mantes
293 1754 586 1838 prosequebantur,
622 1755 738 1820 ultimo
772 1754 894 1820 dimisit
927 1753 1079 1837 adloquio
1114 1776 1151 1819 ac

134 1843 249 1908 deinde
276 1843 436 1907 obseratis
462 1843 568 1907 ianuis
591 1844 793 1927 exclusisque
817 1844 917 1908 etiam
939 1842 1015 1907 filiis
1039 1843 1150 1925 gladio

134 1931 279 2003 dolorem
296 1931 464 2015 uitamque
483 1932 599 1996 finiuit.
628 1933 708 1997 haec
722 1931 816 1996 Darii
835 1931 1036 2015 temporibus
1055 1934 1151 2014 gesta

135 2025 239 2085 sunt.-

82 2123 115 2171 16
201 2108 282 2172 Post
303 2107 385 2173 haec
407 2108 535 2189 Hanno,
557 2109 609 2172 uir
630 2088 764 2193 quidam
786 2106 1063 2192 Carthaginiensis
1086 2108 1151 2190 pri-

134 2196 219 2260 uatis
253 2196 369 2280 opibus
402 2197 599 2280 reipublicae
632 2198 718 2261 uires
747 2219 917 2282 superans,
948 2196 1151 2261 inuadendae

135 2285 366 2350 dominationis
402 2285 513 2382 bausit
550 2285 769 2370 cupiditatem.
820 2287 872 2350 cui
903 2286 949 2350 rei
982 2284 1152 2351 consilium

135 2374 215 2449 utile
234 2377 326 2439 ratus
345 2377 404 2458 est,
421 2377 459 2438 ut
478 2374 640 2438 simulatis
659 2376 773 2452 unicae
792 2375 878 2439 filiae
896 2375 1019 2457 nuptiis
1038 2394 1150 2443 omnes

138 2466 323 2546 senatores,
337 2484 475 2547 quorum
494 2463 687 2553 dignitatem
707 2464 910 2529 obstaturam
928 2462 1064 2547 inceptis
1084 2461 1150 2526 suis
1166 2480 1185 2518 2·

83 2565 117 2614 17
139 2552 374 2635 arbitrabatur,
401 2552 487 2616 inter
514 2553 632 2635 pocula
659 2574 786 2619 ueneno
808 2556 947 2619 necaret.
994 2572 1076 2635 quae
1099 2572 1151 2614 res

133 2662 193 2722 per
220 2641 386 2704 ministros
415 2640 545 2723 prodita
573 2643 643 2706 sine
670 2642 795 2707 ultione
823 2642 927 2706 uitata
954 2644 1017 2721 est,
1048 2661 1090 2703 ne
1117 2639 1153 2703 in

134 2729 207 2791 uiro
240 2729 365 2811 potenti
396 2728 470 2812 plus
501 2730 627 2813 negotii
658 2731 781 2794 faceret
811 2751 863 2793 res
894 2728 1025 2811 cognita
1053 2747 1152 2807 quam

134 2816 287 2899 cogitata.
314 2816 377 2881 boo
395 2817 529 2882 oonsilio
550 2818 658 2881 elusus
673 2817 792 2881 Hanno
811 2818 875 2880 alio
889 2813 1149 2879 machinamento

135 2903 260 2978 facinus
281 2904 414 2989 adgredi
432 2908 541 2989 parat:
562 2905 693 2969 seruitia
712 2901 997 2986 concitat-quibus
1017 2904 1150 2984 repente
1165 2920 1185 2959 a

85 3005 118 3053 18
137 2992 302 3057 incautam
330 2994 444 3058 urbem
468 2995 673 3078 opprimeret.
720 2991 775 3057 sed
798 3013 871 3057 cum
895 2993 970 3055 ante
993 2992 1152 3055 statutam

139 3078 298 3146 lcaedibus
322 3082 407 3147 diem
430 3083 594 3167 proditum
618 3079 1180 3165 sepraeuentumqueintellexis-1>

139 3174 197 3254 set,
219 3171 389 3235 castellum
414 3172 575 3257 quoddam
598 3192 672 3235 cum
693 3170 814 3254 uiginti
832 3170 966 3236 milibus
985 3190 1152 3234 seruorum

86 3272 118 3320 19
140 3260 275 3325 armatis
304 3261 481 3344 occupauit.
526 3261 572 3324 ibi
600 3259 676 3323 dum
700 3258 799 3322 Afros
826 3280 1001 3344 regemque
1024 3258 1151 3322 Mauro·

139 3341 214 3414 rum
232 3349 384 3432 concitat,
402 3353 517 3433 captus
536 3352 587 3413 est
606 3370 644 3412 ac
657 3347 763 3430 primo
778 3348 882 3432 uirgis
897 3368 1018 3430 caesus,
1037 3343 1151 3408 deinde
1165 3362 1185 3402 a

138 3438 265 3502 effossis
291 3439 392 3503 oculis
416 3441 449 3503 et
472 3438 622 3502 manibus
646 3436 855 3519 cruribusque
877 3437 1004 3517 fractis,
1022 3432 1112 3496 uelut
1132 3455 1151 3496 a

138 3526 278 3610 singulis
297 3529 451 3593 membris
470 3549 576 3611 poena
592 3526 783 3612 exigeretur,
801 3526 836 3590 in
851 3527 1025 3608 conspectu
1038 3520 1152 3605 populi

1040 3880 1165 3906 *nm
